2759 4825
653 375 786 448 142·
1018 349 1100 426 L.
1154 352 1597 430 ANNAEI
1658 355 2185 478 SENECAE

643 528 716 584 et
743 512 985 609 ingens
1017 537 1272 610 agmen
1297 539 1448 586 non
1492 518 1645 612 [tot
1674 521 1799 614 ac]
1835 523 2109 592 talium.
2150 517 2563 628 Quomodo

639 625 938 716 probare
957 625 1368 718 possintsua
1382 649 1549 717 esse,
1574 635 2021 706 monstrabo:
2058 632 2345 724 faciant,
2375 659 2572 728 quae⁴

641 733 976 805 dixerint.

739 843 1110 945 Quoniam
1130 894 1152 932 ,
1194 869 1380 937 quae
1406 849 1773 920 volueram
1810 850 1900 920 ad
1926 868 2001 922 te
2024 855 2373 947 proferre,
2405 853 2557 932 iarn

637 949 834 1034 dixi3
879 975 1078 1022 nunc
1111 953 1457 1024 desiderio
1500 971 1632 1028 tuo
1662 957 2070 1034 satisfaciam
2096 1014 2119 1049 ,
2165 981 2243 1036 et
2272 967 2343 1034 in
2374 969 2563 1036 alte-

633 1083 786 1130 ram
819 1064 1188 1156 epistolam
1230 1063 1589 1160 integrum
1612 1113 1639 1152 ,
1680 1067 1887 1160 quod
1922 1091 2243 1165 exegeras
2263 1121 2286 1158 ,
2330 1089 2557 1142 trans-

632 1168 894 1255 feram3
941 1191 1034 1242 ne
1075 1171 1172 1242 ad
1212 1196 1364 1242 rern
1408 1176 1806 1264 spinosam,
1860 1193 1932 1248 et
1972 1180 2276 1250 auribus.
2305 1181 2562 1256 erectis

633 1278 1064 1372 curiosisque
1092 1278 1520 1350 audiendam
1541 1331 1564 1368 ,
1593 1285 1801 1356 lassus
1824 1285 2125 1358 accedas.
2159 1287 2357 1360 Vale.
2429 1329 2434 1334 -

1103 1408 1755 1550 EPIS-'ToLA
1840 1467 2072 1542 mx.

627 1621 1047 1692 Quaestiuncula,
1065 1624 1144 1678 An
1163 1619 1372 1691 Sapiens
1384 1622 1607 1691 Sapienti
1619 1661 1635 1686 ,
1654 1635 1710 1676 et
1724 1623 1979 1692 quomodo
1998 1623 2163 1692 prosit
2186 1623 2207 1675 ἒ
2227 1624 2387 1678 Causa
2402 1625 2551 1680 dubi·

759 1701 924 1765 tandi,
945 1702 1060 1771 quia
1079 1703 1248 1754 omnia
1267 1720 1459 1754 summa
1476 1702 1531 1754 in
1552 1703 1788 1770 Sapiente
1802 1739 1819 1765 ,
1841 1719 1933 1755 nec
1959 1703 2235 1756 adiectioni
2257 1706 2415 1756 locus.
2440 1705 2549 1758 Re·

757 1784 976 1851 spondet
1005 1794 1170 1835 tamen
1203 1782 1473 1849 prodesse,
1494 1783 1799 1836 etdistincte
1821 1784 2142 1852 exsequitur.
2180 1785 2241 1835 ln
2270 1778 2375 1837 fine
2396 1783 2546 1838 dete-

757 1875 920 1916 statur
938 1861 1155 1931 argutias
1173 1861 1404 1916 inutiles·

1007 2008 1347 2079 SENECA
1404 2003 1651 2078 Lucilio
1695 2031 1809 2078 suo
1849 1987 2195 2080 Saluteni„

627 2110 820 2248 AN
867 2171 1140 2268 Sapiens
1191 2169 1485 2267 Sapienti
1518 2177 1765 2268 prosit,
1812 2172 1986 2244 scire
2038 2171 2401 2260 desideras.
2450 2211 2533 2236 -0

623 2279 984 2368 Dicimus,
1023 2283 1323 2374 plenum
1355 2281 1563 2352 omui
1591 2282 1785 2352 bono
1826 2305 1967 2352 esse
2004 2279 2421 2376 Sapientem
2464 2301 2543 2356 et
2641 2289 2647 2300 '

623 2414 902 2461 summa
929 2387 1306 2483 adeptunu
1339 2389 1723 2480 quomodo
1751 2389 2079 2485 prodesse
2104 2391 2354 2485 aliquis
2374 2418 2547 2485 pos-

623 2498 712 2571 sit
736 2522 1102 2571 summum
1139 2497 1433 2569 habenti
1462 2499 1739 2570 bonum
1763 2550 1786 2583 ,
1818 2500 2197 2589 quaeritur.
2232 2503 2545 2571 Prosunt

577 2645 588 2671 -.
621 2609 807 2679 inter
839 2634 912 2678 se
950 2607 1166 2695 boni3
1210 2626 1541 2678 exercent
1574 2610 1767 2677 enirn
1796 2594 2122 2692 virtutes,
2166 2625 2237 2679 et
2256 2612 2543 2703 sapien·-

621 2720 792 2789 tiam
839 2718 914 2788 in
953 2742 1085 2789 suo
1137 2732 1323 2789 statu
1363 2717 1779 2793 continent:
1832 2712 2182 2787 desiderat
2225 2734 2536 2810 uterque

616 2828 970 2921 aliquem,
1011 2851 1176 2898 cum
1221 2850 1370 2918 quo
1416 2826 1775 2912 conferat,
1818 2850 1985 2897 cum
2022 2850 2177 2919 quo
2225 2844 2535 2920 quaerat.

557 2950 564 2955 '
618 2937 888 3007 Peritos
921 2935 1238 3006 luctandi
1269 2960 1430 3005 usus
1468 2955 1781 3021 exercet5
1821 2935 2225 3031 musicum,
2258 2937 2386 3028 qui
2414 2960 2537 3029 pa·

618 3046 716 3115 ria
755 3044 1034 3132 didicit,
1079 3061 1349 3114 monet.
1390 3044 1601 3140 Opus
1628 3060 1733 3117 est
1768 3058 1843 3115 et
1870 3042 2189 3138 Sapienti
2215 3046 2537 3143 agitatio·

616 3176 710 3225 ne
736 3155 1122 3226 virtutum:
1155 3153 1248 3221 ita
1271 3202 1292 3239 ,
1323 3152 1946 3244 quemadmodum
1975 3153 2125 3245 ipse
2146 3178 2218 3225 se
2244 3170 2532 3244 movet,

615 3265 710 3335 sic
731 3281 1065 3334 movetur
1079 3262 1168 3333 ab
1193 3263 1330 3333 alio
1351 3263 1683 3356 sapiente.
1710 3262 1915 3371 Quid
1936 3260 2229 3357 Sapiens
2244 3264 2533 3357 Sapien-

615 3370 672 3443 ti
700 3370 1064 3467 proderit?
1094 3370 1451 3463 impetum
1484 3371 1585 3441 illi
1610 3371 1811 3441 dabit
1836 3422 1859 3459 ,
1888 3373 2285 3459 occasiones
2306 3372 2533 3445 actio-

614 3493 816 3551 num‘
839 3480 1290 3549 honestarum
1339 3479 1950 3551 commonstrabit.
2008 3481 2283 3573 Praeter
2312 3481 2532 3570 haec,

615 3588 878 3680 aliquas
913 3589 1370 3685 cogitationes
1394 3610 1543 3671 suas
1568 3589 1957 3681 exprime&
1990 3586 2312 3671 docebit,
2338 3612 2529 3680 quae

614 3694 982 3766 invenerit.
1036 3695 1332 3789 Semper
1375 3698 1565 3767 enim
1614 3697 1828 3769 etiarn
1874 3694 2192 3792 Sapienti
2236 3699 2527 3773 restabit

615 3803 826 3895 quod
851 3804 1206 3897 inveniat,
1235 3822 1489 3905 etque
1510 3805 1793 3879 animus
1822 3806 1973 3880 eius
1995 3824 2337 3890 excurrat.
2374 3808 2532 3891 Mae
