2759 4825
649 423 786 499 170
1025 395 1108 468 L
1159 394 1612 470 ANNAEI
1662 371 2243 470 SENECAE‘

640 585 806 634 rum
836 576 910 633 et
943 561 1026 632 fit
1054 579 1415 657 tyrannus.
1461 558 1679 633 Tunc
1704 559 1911 630 illum
1954 559 2329 654 excipiunt
2360 559 2581 631 adfe-

639 687 800 740 ctus
841 669 1249 762 inpotentes
1271 719 1298 756 ,
1345 684 1421 738 et
1464 669 1764 753 instant3
1815 669 1941 759 qui
1978 668 2187 740 initio
2246 667 2579 760 quidem

639 776 961 874 gaudent
987 827 1013 864 ,
1065 795 1150 848 ut
1199 781 1380 849 solet
1426 779 1745 870 populus
1796 776 2176 872 largitione
2226 776 2577 847 nocitura

641 888 894 960 frustra
913 891 1169 982 plenus
1189 939 1211 977 ,
1239 905 1312 959 et
1331 939 1355 976 ,
1388 912 1573 979 quae
1594 909 1743 956 non
1772 903 2007 982 potest
2039 885 2353 973 haurire,
2380 908 2581 982 con-

639 1001 911 1070 trectat.
943 999 1202 1104 Quum
1223 1023 1397 1071 vero
1438 998 1653 1096 magis
1690 996 2025 1094 ac.magis
2050 996 2225 1067 vires
2256 996 2575 1066 morbus

645 1109 889 1182 exedit
908 1161 930 1197 ,
971 1129 1044 1180 et
1070 1111 1148 1181 in
1184 1109 1528 1181 medullas
1550 1131 1955 1200 nervosque
1982 1107 2411 1179 descendere
2432 1107 2575 1180 de-

641 1219 878 1304 liciae3
920 1236 1311 1311 conspectu
1347 1241 1635 1304 eorum,
1676 1216 1944 1309 quibus
1968 1241 2041 1286 se
2078 1209 2576 1292 nimia‘avidir

641 1345 786 1398 tate
806 1328 1134 1398 inutilem
1159 1326 1471 1398 reddidit
1492 1377 1515 1412 ,
1548 1329 1807 1413 laetus,
1840 1350 1975 1419 pro
1998 1327 2135 1398 suis
2167 1325 2574 1418 voluptati-

641 1437 779 1508 bus
804 1436 1022 1506 hab'et
1061 1439 1547 1530 spectaculum
1589 1437 1973 1506 alienarum
1998 1485 2023 1522 ‚
2068 1436 2575 1508 subministra·-

641 1559 760 1615 tor
789 1545 1179 1616 libidinum
1205 1545 1586 1637 testisque,
1623 1543 1927 1635 quarum
1960 1567 2169 1614 usum
2196 1543 2331 1614 sibi
2362 1545 2573 1640 inge·

641 1651 870 1722 rendo
903 1651 1230 1721 abstulit:
1277 1674 1409 1720 nec
1436 1651 1712 1720 illitam
1740 1665 2017 1748 gratum
2058 1667 2161 1720 est
2190 1650 2571 1720 abundare

641 1758 981 1831 iucundis
1000 1806 1021 1846 ‚
1065 1783 1284 1850 quam
1309 1761 1647 1829 acerbum
1668 1809 1691 1844 ,
1720 1757 1925 1849 quod
1952 1781 2115 1828 non
2143 1782 2444 1828 omnem
2466 1759 2573 1829 ‘il-

639 1873 798 1940 lum
836 1870 1250 1964 adparatum
1277 1895 1405 1963 per
1431 1872 1665 1966 gulam
1695 1886 2166 1961 ventremque
2200 1861 2567 1940 transmit-

643 1981 775 2066 tit,
823 1980 1028 2074 quod
1071 2003 1226 2055 non
1273 2003 1441 2050 cum
1492 1979 1694 2050 omni
1749 1980 2205 2050 exoletorum
2253 1977 2569 2050 femina-

639 2111 950 2178 rumque
993 2085 1200 2156 turba
1235 2087 1786 2169 convolutatur3
1840 2103 2315 2179 moeretque,
2338 2087 2569 2179 quod

641 2219 898 2291 magna
939 2219 1090 2288 pars
1127 2219 1292 2266 suae
1325 2195 1708 2282 felicitatis,
1760 2198 2041 2266 exclusa
2084 2199 2402 2288 corporis
2438 2223 2569 2267 an·

641 2303 914 2398 gustus,
941 2321 1170 2374 cessat.
1201 2304 1590 2398 Numquid
1618 2305 1849 2392 enim,
1884 2303 1986 2374 mi
2014 2305 2287 2391 Lucili,
2316 2304 2391 2373 in
2416 2306 2566 2376 hoe

641 2411 840 2482 furor
865 2436 1017 2483 non
1045 2428 1188 2499 est,
1227 2415 1431 2504 quod
1470 2440 1689 2485 nemo
1722 2419 2044 2485 nostrum
2078 2417 2463 2486 mortalem
2492 2440 2565 2509 se

641 2522 950 2617 cogitat?
989 2522 1194 2614 quod
1230 2547 1450 2593 nemo
1493 2524 1965 2594 inbecillum?
2005 2524 2233 2620 immo
2276 2525 2363 2599 in.
2388 2525 2565 2614 illo,

641 2630 847 2721 quod
889 2653 1108 2701 nemo
1141 2636 1463 2702 nostrum
1502 2657 1733 2704 unum
1762 2658 1902 2713 esse
1941 2658 2012 2703 se
2050 2634 2364 2733 cogitat?
2408 2634 2571 2705 Ad-

640 2738 830 2831 spice
857 2739 1144 2831 *culinas
1183 2758 1490 2827 nostras,
1544 2756 1619 2810 et
1668 2759 2163 2811 concursantes
2207 2740 2391 2813 inter
2444 2757 2569 2811 tot

640 2849 834 2941 ignes
864 2870 1175 2941 coquos:
1228 2848 1457 2920 unum
1502 2851 1725 2921 videri
1767 2872 1973 2945 putas
2022 2870 2345 2923 ventrem
2373 2902 2396 2940 ,
2432 2854 2565 2923 cui

639 2972 854 3027 tanto·
869 2959 1196 3028 tumultu
1243 2979 1693 3053 comparatur
1716 2956 1982 3033 cibus?
2023 2962 2331 3055 Adspice
2360 2982 2571 3035 vete·

519 3150 526 3155 ⁸
641 3088 806 3136 rana
844 3082 1076 3137 nostra
1100 3116 1123 3154 ,
1153 3085 1244 3139 -et
1270 3071 1480 3161 plena
1524 3074 1924 3142 multorum
1964 3074 2372 3143 seculorum
2396 3074 2570 3144 vin·-

643 3172 892 3241 demiis
919 3176 1208 3245 horrea:
1263 3201 1495 3247 unum
1532 3196 1737 3273 putas
1778 3181 2007 3251 videri
2038 3200 2402 3271 ventrem,
2434 3183 2567 3255 cui

637 3296 754 3351 tot
787 3283 1170 3352 consulum
1193 3285 1720 3380 regionumque
1748 3290 1911 3360 vina
1936 3291 2379 3365 cluduntur?
2403 3293 2569 3365 Ad-

639 3389 832 3483 spice
849 3441 873 3477 ,
911 3408 1098 3483 quot
1120 3393 1292 3465 loeis
1312 3409 1622 3466 vertatur
1648 3411 1828 3468 terra
1847 3450 1870 3486 ,
1899 3417 2084 3491 quot
2110 3402 2331 3472 millia
2355 3404 2569 3472 colo-

533 3546 548 3559 ·
641 3523 904 3569 norum
947 3516 1184 3588 arent,
1237 3499 1559 3590 fodiant3
1606 3528 1838 3575 unum
1873 3507 2106 3579 videri
2140 3525 2344 3601 putas
2382 3536 2571 3582 ven·

641 3623 823 3679 trem
845 3658 870 3697 ,
912 3609 1029 3681 cui
1054 3611 1224 3680 etin
1260 3608 1489 3683 Sicilia
1515 3664 1537 3701 ,
1574 3616 1747 3686 etin
1776 3613 2009 3688 Africa
2044 3616 2337 3699 seritur?
2384 3614 2564 3689 Sani

643 3718 943 3803 erimus,
990 3735 1063 3789 et
1097 3719 1376 3792 modica
1406 3726 2039 3819 concupiscemus,
2079 3727 2135 3794 si
2163 3731 2557 3821 unusquis·

645 3844 790 3913 que
811 3848 882 3895 se
907 3844 1279 3918 numeret,
1319 3846 1391 3900 et
1425 3836 1761 3916 metiatur
1794 3833 2009 3904 simul
2048 3823 2343 3926 corpus,
2384 3836 2557 3907 sciat
