2759 4825
637 401 773 478 190
1011 375 1094 448 1„
1143 373 1583 450 ANNAEI
1628 353 2149 450 SENECAE

629 551 828 622 durus
865 546 956 614 sit
963 543 1309 642 fenerator
1337 541 1651 611 Caecilius
1668 593 1691 615 ,
1737 565 1777 612 a
1814 565 1933 636 quo
1970 539 2241 612 minoris
2268 539 2537 612 centesi-

627 663 750 730 mis
768 656 1107 756 propinqui
1149 675 1479 722 nummum
1514 675 1759 722 movere
1786 675 1911 720 non
1942 655 2209 750 possim.
2262 649 2407 722 Sua
2432 676 2538 724 sa·-

625 768 772 837 tius
787 781 892 834 est
921 762 1136 846 mala,
1169 781 1389 850 quam
1416 757 1639 826 aliena
1658 807 1681 843 ,
1710 773 2035 842 tractare3
2064 781 2137 827 se
2158 773 2491 830 excutere
2510 807 2539 846 ,

631 893 704 948 et
729 873 970 944 videre
989 921 1012 955 ,
1035 891 1256 962 quam
1279 869 1671 938 multarum
1698 891 1937 939 rerum
1965 868 2383 940 candidatus
2406 867 2494 938 sit
2510 917 2536 956 ,

631 1004 706 1058 et
741 1007 892 1055 non
929 979 1300 1078 suffragari.
1351 978 1517 1050 Hoc
1546 995 1689 1068 est,
1715 979 1815 1050 mi
1838 978 2101 1066 Lucili,
2136 978 2535 1077 egregium,

627 1097 766 1168 hoc
811 1115 1144 1164 securum
1188 1113 1270 1162 ac
1303 1089 1670 1168 {iberums
1718 1091 1900 1160 nihil
1940 1106 2226 1183 petere,
2264 1107 2341 1162 et
2386 1105 2536 1173 tom

627 1204 957 1277 fortunae
983 1198 1271 1268 comitia
1302 1199 1615 1270 transire.

727 1314 969 1417 Quam
993 1325 1197 1416 putas
1223 1309 1366 1378 esse
1388 1305 1807 1378 iucundum
1816 1355 1841 1393 ‚
1873 1307 2207 1380 tribubus
2228 1313 2493 1384 vocatis
2510 1363 2535 1402 ,

627 1447 863 1520 quum
885 1417 1292 1490 candidati
1275 1441 1350 1486 m
1369 1419 1655 1510 templis
1678 1419 1815 1490 suis
1836 1419 2237 1512 pendeant,
2262 1440 2337 1492 et
2362 1425 2539 1496 alius

625 1553 962 1606 nummos
996 1527 1457 1622 pronuntiet,
1502 1529 1676 1598 alius
1706 1550 1835 1620 per
1870 1546 2301 1620 sequestrem
2340 1551 2536 1627 agat,

625 1643 802 1720 alius
829 1662 1080 1710 eorum
1108 1660 1358 1708 manus
1384 1635 1634 1706 osculis
1662 1653 1979 1708 conterat
2000 1687 2026 1726 ,
2060 1638 2328 1730 quibus
2356 1639 2543 1710 desi-

627 1768 880 1852 gnatus
901 1743 1459 1845 contingendam
1479 1769 1779 1816 manum
1807 1761 2185 1843 negaturus
2208 1763 2348 1832 est3
2378 1773 2543 1820 om-

625 1887 752 1936 nes
773 1913 793 1949 ,
817 1859 1148 1946 attoniti,
1170 1882 1422 1930 vocem
1450 1858 1813 1950 praeconis
1836 1874 2278 1952 exspectant3
2309 1878 2543 1932 -sm-

625 1995 705 2045 re
734 1970 1070 2055 otiosum,
1101 1987 1174 2036 et
1195 1983 1511 2060 spectare
1534 1967 1679 2036 illas
1704 1965 2099 2051 nundinas,
2134 1991 2264 2036 nec
2298 1992 2545 2040 emen-

625 2099 776 2153 tem
828 2075 1273 2170 quidquam,
1332 2097 1465 2144 nec
1518 2073 2013 2146 vendentem?
2065 2077 2369 2182 Quanto
2426 2079 2541 2152 hic

623 2191 898 2265 maiore
925 2185 1182 2286 gaudio
1213 2183 1499 2274 fruitur,
1530 2185 1657 2278 qui
1686 2211 1834 2256 non
1860 2188 2207 2280 praetoria
2229 2205 2359 2262 aut
2375 2213 2551 2274 ροη-

625 2301 871 2374 sularia
900 2298 1181 2372 comitia
1208 2321 1490 2370 securus
1528 2298 1889 2386 intuetur,
1932 2299 2057 2370 sed
2094 2325 2347 2398 magna
2372 2305 2493 2376 ilia
2518 2357 2541 2390 ‚

625 2414 704 2485 in
733 2414 998 2507 quibus
1039 2409 1155 2481 alii
1193 2411 1496 2481 honores
1532 2409 2030 2482 anniversarios
2070 2430 2375 2509 petunt,
2426 2415 2546 2486 alii

598 2542 1000 2621 -perpetuas
1030 2538 1443 2616 potestaten,
1490 2520 1608 2589 alii
1644 2519 1999 2591 bellorum
2040 2538 2333 2593 eventus
2372 2548 2561 2615 pro...

573 2628 578 2633 ’
625 2658 862 2729 speros
889 2632 1441 2724 triumphosque
1465 2680 1486 2713 ,
1536 2629 1651 2699 alii
1688 2627 1999 2715 divitias,
2034 2629 2147 2699 alii
2178 2632 2547 2703 matrimo-

625 2742 742 2814 nia
789 2765 868 2813 ac
915 2740 1223 2825 liberos,
1286 2739 1402 2809 alii
1448 2740 1747 2809 salutem
1802 2762 2000 2809 suam
2052 2738 2545 2833 suorumque!

625 2851 904 2955 Quanti
947 2848 1166 2918 animi
1213 2872 1316 2917 res
1359 2864 1505 2935 est,
1554 2846 1788 2918 solum
1826 2846 2003 2915 nihil
2028 2868 2313 2939 petere,
2360 2852 2551 2921 nulli

625 2960 1064 3051 supplicare,
1093 2972 1166 3025 et
1195 2956 1465 3025 dicere:
1508 2954 1706 3023 Nihil
1732 2954 1894 3023 milti
1922 2973 2171 3031 tecum,
2209 2957 2535 3030 Fortuna.
2526 2961 2550 3007 '

626 3068 778 3141 Non
789 3068 982 3166 facio
1021 3070 1151 3136 mei
1176 3069 1293 3136 tibi
1317 3068 1609 3163 copiam!
1651 3068 1781 3137 scio
1816 3067 1990 3164 apud
2024 3085 2087 3137 te
2133 3068 2403 3140 Catones
2438 3096 2573 3143 rem

617 3178 820 3280 pelli.
881 3175 1166 3245 Vatinios
1185 3179 1380 3271 fieri,-
1434 3172 1603 3245 nihil
1624 3198 1821 3294 rogo.
1814 3177 1837 3220 ‘
1882 3174 2045 3247 Hoc
2072 3195 2173 3249 est
2194 3181 2549 3272 privatam

627 3288 856 3361 facere
879 3284 1284 3357 Fortunam.
1315 3324 1389 3339 -
1424 3284 1623 3357 Licet
1648 3310 1813 3383 ergo
1843 3284 2060 3357 haee
2042 3288 2353 3361 mvieem
2378 3310 2555 3359 scro-

627 3394 839 3483 bere,
869 3411 941 3465 et
969 3393 1194 3465 hanc
1175 3412 1522 3491 mtegram
1546 3416 1821 3485 semper
1844 3410 2121 3490 egerere
2148 3396 2561 3485 materiam,

629 3502 1360 3596 circumspicientibus
1388 3520 1501 3575 tot
1524 3503 1745 3575 millia
1768 3503 2151 3578 hominum
2178 3507 2547 3596 inquietat

630 3617 805 3709 qni,
851 3631 935 3685 ut
959 3613 1232 3706 aliquid
1257 3612 1561 3707 pestiferi
1590 3631 2127 3707 consequantur
2143 3663 2166 3702 ‚
2200 3626 2329 3707 pei·
2354 3620 2563 3695 mala..

629 3722 962 3791 nituntur
993 3721 1070 3791 in
1113 3721 1383 3791 malum
1408 3769 1433 3805 ,
1462 3736 1897 3813 petuntque
1938 3744 2109 3791 mox
2146 3719 2491 3819 fugienda
2518 3774 2559 3810 „

628 3841 756 3900 aut
799 3829 1012 3901 etiam
1059 3826 1505 3905 fastidienda.
1564 3831 1703 3905 Cui
1728 3830 1925 3911 enim
1947 3830 2353 3926 adsequuto
2384 3832 2557 3907 satis
