2759 4825
2352 354 2377 395 N

709 420 805 495 30
1058 355 1676 483 'LANNAm
1722 387 2255 467 SENECAE

704 560 880 630 haec
922 582 1067 629 vox
1115 558 1192 627 in
1243 557 1390 650 ipsa
1442 556 1717 625 officina
1762 559 2152 650 voluptatis
2200 559 2442 631 audita
2496 576 2641 633 est.

701 671 1206 742 Beatissimum,
1251 665 1536 758 inquit,
1584 666 1752 735 llum:
1788 685 1853 735 et
1898 669 2197 738 ultimum
2244 670 2404 741 diem
2442 696 2633 763 ago.

704 779 764 851 E
785 800 928 849 Plc
951 796 1144 849 URU
1163 796 1198 848 s
1227 827 1248 864 ,
1286 800 1521 869 quum
1560 775 1764 847 illum
1812 776 1977 847 hinc
2023 776 2267 847 urinae
2313 778 2641 848 difficul-

705 904 804 959 tas
850 901 1266 979 torqueret,
1331 886 1500 955 hinc
1542 881 1939 953 insanabilis
1980 887 2361 959 exulcerati
2409 886 2643 957 dolor

703 998 984 1071 ventris.
1013 998 1254 1099 Quare
1273 1018 1441 1090 ergo
1472 991 1908 1063 incredibilia
1934 994 2055 1063 ista
2080 996 2220 1065 sint
2248 994 2445 1088 apud
2464 1020 2630 1082 eos„

702 1110 833 1203 qui
867 1109 1201 1179 virtutem
1230 1107 1516 1189 colunt;
1556 1128 1786 1197 quum
1820 1104 2015 1197 apud
2038 1129 2157 1175 eos
2184 1128 2489 1197 quoque
2506 1128 2629 1175 re·-

699 1216 1110 1313 periantur‚
1165 1212 1364 1306 apud
1410 1236 1593 1303 quos
1642 1213 1972 1303 voluptas
2020 1212 2449 1305 imperavit?
2518 1215 2631 1285 Hi

701 1347 1004 1419 quoque
1033 1322 1446 1418 degeneres,
1479 1336 1550 1389 et
1576 1318 2015 1391 humillimae
2044 1323 2349 1406 mentis‚·
2370 1323 2629 1410 aiunt,

697 1437 779 1507 in
817 1434 1112 1505 summis
1143 1431 1551 1515 dolo-ribus3
1596 1429 1673 1499 in
1712 1430 2005 1501 summis
2047 1432 2579 1505 calamitatibus
2603 1484 2631 1521 ,

698 1546 1089 1639 sapientem
1135 1562 1267 1611 nec
1313 1539 1647 1609 miserum
1696 1536 2065 1627 futurum,
2112 1564 2246 1611 nec
2297 1542 2629 1613 beatum.

698 1654 928 1747 Atqui
951 1654 1089 1724 hoc
1113 1674 1413 1746 quoque
1440 1636 1869 1719 incredibile
1887 1665 2023 1736 est,
2048 1649 2275 1719 immo
2304 1650 2633 1720 incredi-

695 1766 932 1839 bilius.
973 1764 1146 1833 Non
1171 1759 1385 1830 video
1412 1761 1609 1830 enim
1633 1810 1657 1845 ,
1704 1760 2085 1851 quomodo
2134 1786 2287 1836 non
2324 1761 2401 1829 in
2448 1761 2633 1831 infi-

697 1900 904 1948 mum
929 1889 1175 1970 agatur
1194 1896 1232 1940 e
1257 1869 1525 1966 fastigio
1548 1894 1677 1939 suo
1706 1870 1977 1942 deiecta
2001 1871 2239 1941 virtus.
2266 1870 2417 1941 Aut
2450 1871 2635 1941 bea·
2666 1932 2687 1943 -

697 2000 860 2055 tum
885 1996 1224 2075 praestare
1263 1979 1512 2062 debet3
1550 1995 1715 2067 ant,
1756 1981 1809 2048 zi
1838 1983 1930 2049 ab
1971 1982 2108 2051 hoc
2136 1981 2428 2074 depulsa
2460 1998 2574 2050 est
2600 2032 2626 2068 ,

695 2116 852 2164 non
887 2088 1302 2183 prohibebit
1337 2088 1486 2158 fieri
1528 2088 1886 2159 miserum.
1934 2086 2137 2161 Stans
2182 2112 2337 2161 non
2370 2107 2631 2183 potest

695 2200 924 2301 mitti:
954 2213 1080 2268 aut
1109 2195 1432 2267 vincatur
1472 2212 1797 2287 oportet,
1844 2213 1969 2271 aut
1996 2199 2253 2271 vincat.
2290 2238 2361 2251 --
2410 2198 2575 2269 Diis
2598 2248 2629 2285 ,

695 2309 986 2401 inquit,
1025 2302 1521 2375 inmortalibus
1558 2303 1719 2377 solis
1765 2323 1837 2375 et
1872 2310 2091 2379 virtus
2124 2329 2197 2378 et
2236 2309 2439 2381 beata
2468 2310 2631 2380 vita

695 2418 1033 2515 contigit3
1079 2415 1287 2486 nobis
1338 2417 1590 2487 umbra
1634 2417 1992 2508 quaedam
2030 2419 2319 2490 illorum
2363 2418 2629 2490 bono-

695 2553 863 2601 rum
888 2537 964 2598 et'
991 2523 1417 2596 similitudo:
1456 2525 1859 2594 accedimus
1880 2525 1971 2594 ad
1998 2527 2113 2596 illa
2133 2578 2154 2613 ‚
2182 2549 2335 2599 non
2360 2549 2631 2618 petve-

696 2641 956 2712 nimus.
983 2674 1055 2690 -
1093 2637 1302 2707 Ratio
1325 2659 1493 2705 veto
1520 2634 1669 2704 Diis
1698 2637 2261 2728 hominibusque
2280 2661 2632 2708 commu-

693 2748 806 2820 nis
829 2764 968 2834 est:
1005 2745 1178 2840 haec
1201 2744 1276 2814 in
1297 2742 1431 2812 illis
1452 2761 1941 2816 consummat-a
1960 2765 2086 2829 est,
2115 2745 2419 2830 innubis
2436 2769 2628 2818 con-

695 2856 1153 2932 summabilis,
1173 2833 1314 2926 Sed
1327 2853 1418 2924 ad
1442 2853 2007 2947 desperationem
2028 2877 2161 2924 nos
2188 2855 2355 2926 vitia
2370 2872 2627 2932 nostra

696 2967 1128 3063 perducunt.
1151 2965 1342 3034 Nam
1375 2963 1497 3034 ille
1524 2965 1697 3034 alter
1722 2964 2077 3036 secundus
2098 2985 2209 3036 est
2246 2983 2329 3038 ut
2354 2968 2625 3058 aliquis

551 3093 576 3116 *‘
649 3170 654 3174 .
694 3099 950 3172 parum
969 3080 1294 3145 comitans
1317 3073 1409 3141 ad
1429 3071 1889 3142 custodienda
1914 3074 2187 3166 optima
2211 3124 2233 3160 ‚
2270 3074 2468 3144 cuius
2496 3076 2626 3148 iu-

697 3185 972 3256 dicium
991 3182 1182 3253 labat
1196 3183 1607 3253 etiamnunc
1627 3199 1699 3254 et
1714 3183 2064 3254 incertum
2092 3203 2216 3256 est.
2238 3185 2625 3258 Desideret

697 3297 1077 3366 oculorum
1119 3308 1337 3383 atque
1373 3291 1653 3362 aurium
1681 3315 1955 3362 sensum
1978 3343 2000 3378 ,
2046 3293 2313 3364 bonam
2347 3295 2625 3368 valitu-

698 3403 944 3474 dinem
966 3451 988 3487 ,
1035 3415 1107 3470 et
1154 3422 1307 3468 non
1343 3398 1641 3470 foedum
1676 3399 2089 3492 adspectum
2132 3402 2482 3496 corpori5‚
2536 3422 2623 3476 et

694 3509 946 3582 habitu
993 3523 1403 3578 manentem
1446 3531 1575 3584 suo
1598 3557 1622 3593 ,
1661 3509 1907 3578 aetatis·
1932 3527 2285 3601 praeterea
2322 3514 2623 3608 longius

695 3615 1036 3710 spatium!
1075 3637 1202 3707 pet
1245 3614 1425 3682 hanc
1453 3630 1687 3705 potest
1726 3639 1877 3684 non
1922 3620 2359 3711 poenitenda
2389 3621 2625 3716 agita.-

699 3747 797 3794 re.
835 3721 1234 3816 Inperfecto
1261 3721 1416 3792 viro
1448 3723 1613 3794 huic
1651 3724 1958 3796 malitiae
1982 3727 2083 3797 vis
2111 3726 2465 3818 quaedam
2496 3730 2617 3802 iu-

703 3848 836 3904 est:
858 3833 1026 3928 quia
1045 3835 1369 3916 animum
1392 3833 1615 3908 habet
1636 3834 1979 3910 mobilem
1993 3885 2019 3928 ,
2044 3835 2137 3907 ad
2154 3859 2365 3934 ptava
2385 3841 2619 3914 illum
