2759 4825
560 370 590 385 -
679 346 774 443 48
1066 344 1142 417 ι,
1192 342 1634 417 ΑΝΝΑΕΙ
1682 342 2205 427 SENECAE

679 525 788 581 cat
819 529 1136 582 morsum.
1188 525 1254 577 et
1281 510 1348 577 in
1388 509 1521 604 ipso
1554 523 1797 577 tumore
1828 508 2076 577 nullum
2116 508 2350 579 vulnus
2386 508 2600 607 adpa-

675 606 794 687 νεὶ.
817 615 1000 689 Idem
1024 614 1143 684 tibi
1164 618 1232 685 in
1256 618 1726 690 conversatione
1749 620 2028 687 virorum
2052 617 2433 712 sapientium
2456 642 2603 689 eve-

675 732 812 800 niet
831 757 853 797 .-
899 752 1025 801 παπ
1057 722 1472 825 deprehendes
1498 726 2018 823 quemadmodum
2034 779 2061 803 .
2091 745 2209 797 aut
2231 729 2481 823 quando
2504 732 2604 799 ti-

677 840 742 909 ln·
753 841 1002 937 prosit:
1022 836 1797 935 profuisse-deprehendes·
1824 873 1895 891 --
1929 839 2287 943 Quemne,
2321 840 2603 932 inquiS,

674 948 817 1017 hoc
843 944 1201 1041 pertinet?
1223 980 1296 997 -·-
1335 943 1593 1037 Aeque
1626 962 2000 1038 praecepta
2029 946 2223 1017 bona
2243 996 2265 1031 ‚
2302 949 2357 1017 si
2380 972 2597 1041 saepe

669 1076 916 1132 tecum
939 1058 1078 1129 sint
1093 1106 1115 1143 ‚
1147 1048 1557 1150 profutura3
1594 1081 1813 1150 quam
1836 1058 2029 1130 bona
2054 1058 2402 1150 exempla.
2429 1059 2487 1127 P
2507 1080 2599 1129 Y-

633 1170 637 1177 ’
675 1188 726 1241 ’.ι’
744 1188 795 1239 Η
815 1186 930 1238 AG
951 1187 1000 1238 o
1021 1187 1070 1238 R
1089 1185 1138 1237 A
1157 1186 1192 1237 s
1231 1168 1366 1255 ait,
1418 1168 1619 1237 alium
1670 1171 1955 1239 animum
1972 1170 2139 1264 fieri
2188 1170 2595 1241 intrantibus
2659 1177 2668 1184 ’

670 1278 1459 1381 templum.·Deoricmque
1501 1280 1853 1351 simulacra
1896 1305 1979 1349 ex
2017 1280 2227 1351 vicino
2272 1284 2597 1351 cernenti-.-

671 1389 825 1464 bus,
869 1405 936 1457 et
965 1387 1244 1457 alicuius
1277 1385 1528 1459 oraculi
1554 1386 1974 1484 operientibus
2010 1410 2245 1457 vocem.

763 1500 950 1604 Quis
963 1512 1202 1567 autem
1223 1497 1581 1592 negaverit
1599 1547 1621 1584 ,
1644 1496 1833 1567 feriri
1852 1498 2285 1589 quibusdam
2299 1520 2595 1591 praece-

665 1611 806 1705 ptis
843 1607 1210 1679 efficaciter
1231 1607 1443 1677 etiam
1479 1605 2057 1699 inperitissimos?
2081 1607 2282 1679 velut
2300 1606 2403 1675 his
2421 1606 2593 1679 bre-

662 1714 954 1789 vissimis
967 1714 1419 1802 vocibu8,sed
1438 1716 1751 1786 multum
1768 1713 2198 1790 habentibus
2214 1714 2587 1809 ponderisz

873 1864 946 1881 --
983 1864 1056 1879 -··
1101 1864 1172 1879 -··
1205 1825 1399 1895 Nihil
1434 1826 1669 1896 nimis!

688 2012 694 2016 ,
762 1940 1020 2009 Avarus
1043 1940 1294 2007 animus
1327 1937 1505 2007 nullo
1546 1938 1835 2006 satiatur
1879 1937 2078 2007 lucro,

759 2046 860 2113 Ab
886 2046 1013 2117 alio
1055 2061 1378 2141 exspectes
1402 2092 1424 2117 .
1456 2044 1647 2112 alteri
1664 2044 1843 2138 ‚quod
1854 2042 2121 2140 feceris.

662 2154 865 2226 Haec-
903 2178 1073 2225 cum
1111 2155 1259 2229 ictu
1297 2146 1619 2245 quodam
1664 2152 2045 2240 audimus,
2089 2174 2224 2223 nec
2254 2152 2383 2225 ulli
2413 2154 2589 2227 licet

664 2264 1026 2352 dubitare,
1077 2278 1201 2336 aut
1247 2264 1673 2361 intetrogare
1695 2314 1718 2350 ,
1766 2270 2025 2359 quam⁹
2066 2264 2312 2351 Adon,
2360 2264 2589 2337 etiam

659 2374 812 2446 sine
837 2376 1148 2461 ratione,
1175 2372 1322 2472 ipea
1347 2372 1595 2444 veritas
1631 2371 1850 2444 ducit.
1916 2370 1990 2444 Si
2024 2373 2411 2450 reverentia
2439 2372 2588 2450 fret·

662 2503 788 2556 nat
819 2482 1092 2556 animos
1115 2507 1196 2554 ac
1223 2484 1391 2553 vitia
1432 2483 1797 2576 nonpescit
1819 2532 1841 2569 ‚
1882 2505 2010 2553 cut
2039 2506 2186 2554 non
2214 2497 2289 2552 et
2322 2481 2587 2554 admo-

659 2591 843 2660 nitio
866 2590 1060 2660 idem
1088 2590 1352 2682 possit?
1382 2587 1455 2656 Si
1482 2589 1766 2680 inponit
1785 2588 2145 2681 pudorem
2170 2589 2533 2686 castigatio
2554 2641 2583 2676 ,

661 2723 790 2770 cur
833 2699 1236 2770 admonitio
1268 2722 1421 2769 non
1448 2697 1683 2786 faciat,
1734 2699 1945 2770 etiam
1972 2701 2027 2769 si
2059 2700 2267 2775 nudis
2292 2717 2585 2793 praece-

657 2805 799 2900 ptis
821 2804 1096 2876 utitur?
1131 2803 1254 2876 Illa
1277 2829 1447 2876 vero
1474 2804 1816 2876 efficacior
1844 2820 1984 2892 est,
2029 2823 2101 2876 et
2122 2807 2327 2884 altius
2353 2829 2583 2898 pene-

651 2930 838 2999 trat,
867 2937 1053 3005 quae
1090 2913 1378 2982 adiuvat
1406 2912 1677 2982 ratione
1709 2912 1913 3004 quod
1958 2915 2303 3006 praecipit.
2315 2940 2337 3000 3
2386 2939 2580 3006 quae

577 3025 588 3044 ⁴
659 3019 898 3090 adiicit
917 3069 942 3108 ,
973 3044 1192 3114 quare
1219 3019 1545 3112 quidque
1582 3019 1995 3094 faciendum
2022 3024 2107 3095 sit
2126 3075 2147 3109 ,
2188 3039 2261 3093 et
2289 3024 2447 3116 quis
2476 3025 2579 3095 fa-

552 3125 558 3130 ’
658 3128 966 3208 cientem
991 3128 1597 3221 obedientemque
1617 3133 2005 3223 praeceptis
2029 3125 2297 3210 fructus
2322 3156 2577 3226 exspe-

657 3245 821 3308 ctet.
865 3233 940 3305 Si
981 3237 1283 3329 imperio
1313 3237 1741 3330 proficitut3.
1767 3255 1839 3310 et
1878 3239 2415 3318 admonitione=
2451 3260 2575 3313 at-

657 3349 788 3444 qui
811 3350 1179 3442 proficitur
1213 3349 1554 3440 imperim
1596 3371 1763 3444 ergo
1804 3363 1881 3420 et
1904 3349 2419 3430 admonitione.
2478 3353 2573 3425 In

655 3456 830 3528 duae
879 3476 1104 3552 partes
1159 3457 1385 3527 virtus
1436 3456 1784 3536 dividitut
1805 3505 1828 3544 ‚
1887 3458 1963 3528 in
2013 3462 2574 3555 contemplatio·-

653 3590 826 3640 nem
858 3570 1048 3655 veri,
1090 3584 1174 3638 et·
1199 3567 1599 3653 actionem3
1640 3571 2325 3664 contemplationem
2361 3572 2573 3646 insti-

653 3677 842 3746 tutio
881 3678 1096 3749 tradit
1117 3727 1140 3764 ,
1186 3676 1541 3748 actionem
1590 3665 2015 3754 admonitio.
2078 3681 2446 3757 Virtutem
2492 3703 2571 3758 et

569 3868 582 3890 ι
655 3800 941 3864 exercet
961 3835 986 3877 ,
1029 3803 1104 3858 et
1127 3785 1437 3860 ostendit
1462 3803 1649 3862 recta
1676 3789 1907 3885 aetio:
1954 3807 2203 3884 acturo
2224 3808 2472 3874 autem
2508 3793 2571 3874 si
