2759 4825
554 333 1261 435 ἐΡιςτοιΑΜ
1315 370 1524 435 xm,
1923 338 2042 461 3¹7

92 514 195 583 lud
216 532 427 581 autem
452 534 675 579 nomen
700 514 895 580 scriba
932 514 1087 577 illius
1118 514 1341 580 codicis
1376 516 1440 577 in
1470 530 1822 580 contextum
1851 519 2041 584 adsci-

96 618 270 665 turus
287 643 311 676 ,
346 598 547 661 alieno
575 598 719 661 loco
746 598 967 679 posuit.
990 596 1081 659 Ita
1106 599 1285 659 unius
1314 598 1540 661 codicis
1568 602 1704 661 msti
1734 619 1916 664 usura
1935 602 2042 665 do·

96 682 395 749 ctissimos
422 682 600 743 etiam
638 680 809 742 viros
830 678 893 745 in
920 694 1187 742 errorem
1220 695 1394 761 saepe
1429 679 1703 759 induxit3
1730 700 1910 765 quem
1938 702 2040 747 er-

98 778 305 829 rorem
326 774 449 825 non
478 762 586 823 nisi
608 761 871 863 pipi-ium
899 761 1057 827 inter
1078 779 1145 823 se
1168 762 1443 824 codicum
1470 760 1754 839 collatio,
1781 763 2043 847 diligen·-

100 867 189 911 ter
223 858 287 907 et
324 860 428 941 pet
448 844 639 923 otium
671 843 977 922 instituta,
1011 844 1272 907 eximere
1291 860 1505 925 potest.
1546 840 1690 906 Alio
1721 846 1908 909 modo
1930 863 2041 909 er-

103 946 305 993 rarunt
330 927 415 989 illi
444 927 673 989 scribae
688 971 711 1001 ,
737 926 843 1011 qui
867 930 979 1005 (ut
1003 925 1178 987 estin
1200 941 1411 991 nostro
1431 943 1540 989 ms·
1565 946 1611 987 c.
1633 937 1696 988 et
1719 928 1782 988 in
1805 926 2040 991 duobus

102 1008 421 1091 Palatinis)
448 1028 539 1093 per
566 1008 813 1069 Publium
841 1008 1107 1069 Vinicium
1127 1007 1444 1088 scripsere:
1486 1026 1618 1069 nam
1641 1007 1704 1071 hi
1723 1007 1954 1073 literam
1973 1033 2038 1093 p,

107 1094 347 1176 quaein
382 1103 675 1154 contextu
710 1102 841 1152 erat
860 1136 880 1165 ,
921 1107 1035 1173 pro
1068 1089 1488 1171 compendiosa
1525 1089 1824 1171 scriptura
1863 1088 2042 1174 prae·

108 1173 419 1259 positionis
490 1194 543 1232 er
574 1187 931 1253 acceperant
950 1218 970 1247 ,
1005 1172 1106 1237 cui
1140 1172 1351 1233 deinde
1380 1188 1606 1242 nomen
1638 1172 1927 1249 Publium,
1962 1192 2040 1237 ex

107 1270 208 1323 ota
232 1256 367 1317 libri
398 1274 435 1317 a
472 1254 687 1317 scitum
708 1299 729 1329 ,
756 1253 1103 1316 iunxerunt.

188 1340 356 1400 Pac.
401 1353 532 1397 121.
570 1336 611 1397 l.
642 1353 735 1413 13.
758 1337 1032 1408 exsilivit.
1064 1333 1278 1397 exilivit
1316 1354 1426 1399 ωε.
1454 1358 1503 1400 c.
1539 1353 1603 1399 et
1635 1334 1824 1400 etl-A.
1867 1336 2043 1399 exiliis

111 1438 207 1483 ms.
234 1422 288 1484 b.
324 1417 515 1481 exiluit
539 1416 632 1480 ed.
660 1417 736 1479 R.
2028 1438 2032 1441 »

723 1544 1125 1611 EPls-T.
1202 1546 1414 1615 XLI.

191 1666 351 1731 Pac.
385 1686 521 1730 122.
548 1666 591 1728 Ι.
622 1684 679 1749 ς.
715 1686 891 1727 aurem
911 1664 1043 1726 edd.
1077 1680 1225 1727 vett.
1264 1680 1327 1728 et
1370 1680 1510 1729 mss.
1546 1667 1604 1729 b.
1640 1685 1687 1729 e.
1719 1684 1844 1729 uon
1867 1690 2042 1731 aures.

123 1750 157 1811 1.
185 1771 271 1829 ¹5·
306 1751 521 1825 habitat
544 1750 722 1811 Deus.
754 1746 991 1809 Vocem
1017 1748 1171 1808 Deus
1196 1744 1255 1809 h.
1275 1746 1315 1809 l.
1336 1746 1553 1812 delevit
1569 1748 1767 1810 Ruhk.
1789 1766 1848 1810 et
1872 1749 2044 1818 abest

121 1850 182 1894 ea
212 1832 405 1893 ed.A.
444 1846 507 1892 et
546 1848 655 1891 ms·-
683 1853 733 1891 c.
770 1829 1196 1911 nonnullisque
1223 1826 1631 1893 Gruterianis:
1667 1830 1773 1891 sed
1807 1831 2044 1893 utrobi-

122 1932 228 1993 que
269 1912 544 1997 agnoscit
585 1910 851 1989 eamdem
892 1930 1003 1974 ms.
1037 1912 1092 1973 b.
1130 1930 1189 1973 et
1219 1912 1312 1973 ed.
1336 1914 1410 1971 R.
1447 1926 1586 1987 cum
1633 1910 1933 1994 Virgilio,
1967 1931 2046 1975 ex

125 1996 275 2057 cuius
318 1995 573 2073 Aeneid.
603 1990 778 2055 vm.
819 2010 953 2073 352.
1008 1990 1309 2056 desumtus
1356 1992 1457 2054 ille
1505 2008 1752 2075 versus3
1805 2012 1932 2057 non
1965 2009 2042 2057 ex

127 2074 311 2139 Ovidii
346 2074 599 2140 Metam.
633 2088 701 2136 ut
741 2073 1055 2135 tradiderat
1089 2072 1251 2157 Lips.
1289 2090 1432 2137 cum
1470 2072 1641 2139 Mur.
1792 2104 1794 2107 >

195 2162 355 2221 Pac.
387 2176 523 2238 ¹23·
554 2157 598 2218 1.
623 2157 684 2220 6.
717 2156 897 2217 subita
922 2178 993 2215 ex
1016 2158 1211 2220 abdito.
1244 2154 1550 2238 Copulam
1585 2174 1668 2231 et,
1708 2176 1744 2219 a
1776 2156 2044 2223 nonnul-

126 2240 191 2306 lis
209 2240 391 2320 vulgo
434 2240 755 2311 insertam,
802 2238 1039 2319 ignorat
1070 2239 1162 2300 ed.
1184 2240 1264 2299 A.
1306 2248 1444 2301 cum
1478 2254 1622 2301 mss.
1641 2241 1692 2299 b.
1728 2262 1780 2301 c.
1812 2257 1874 2302 et
1904 2240 2045 2304 Col.

131 2322 163 2383 l.
178 2336 271 2384 11.
300 2321 691 2422 tempestatibus
714 2318 867 2382 bene
880 2318 1013 2382 edd.
1035 2337 1171 2382 cum
1198 2338 1304 2389 ηις.
1320 2342 1368 2381 c.
1415 2320 1836 2401 temptationibus
1858 2340 1966 2384 ms,
1985 2324 2038 2385 b.

130 2404 165 2468 l.
198 2402 286 2466 28.
320 2426 417 2487 quc
458 2402 611 2466 nullo
647 2404 784 2463 bono
820 2400 927 2462 nisi
966 2423 1068 2464 suo
1106 2401 1181 2464 ni
1194 2403 1410 2465 titur..
1455 2400 1620 2464 Olim
1659 2401 1786 2463 nitet
1815 2402 1939 2469 edd.
1979 2421 2043 2466 et

134 2487 280 2548 mssti
300 2503 551 2560 omnes,
588 2484 855 2564 exceptis
882 2483 999 2547 Pal.
1030 2505 1083 2546 ι.
1113 2499 1174 2552 et
1198 2506 1253 2568 3.
1278 2485 1382 2566 qui
1407 2481 1578 2564 (non
1607 2485 1873 2566 optimae
1903 2485 2044 2568 qui-

133 2567 246 2630 dem
285 2567 517 2648 alioqui
555 2566 775 2645 notae)
814 2583 1026 2628 verum
1070 2565 1129 2628 ὴ.
1168 2567 1209 2628 1.
1240 2563 1534 2627 dederunt
1553 2612 1574 2642 ‚
1621 2566 1834 2638 nititur,
1875 2567 2043 2649 quod

135 2667 270 2712 recte
308 2667 621 2731 receptum
661 2668 695 2708 a
733 2645 951 2729 Lipsio.
994 2645 1179 2710 Conf.
1221 2664 1350 2710 not.
1382 2648 1455 2708 ad
1499 2663 1728 2710 xxxn.
1775 2668 1884 2728 105
1908 2694 1929 2723 ,
1977 2671 2038 2724 4.

136 2731 306 2794 Huius
356 2733 688 2812 scripturae
730 2729 969 2812 quidem
1022 2745 1250 2825 testem·
1290 2731 1467 2790 etiarn
1513 2731 1784 2790 acutionem
1833 2747 2042 2824 veterem

136 2808 2044 2975 limma‘iiim322‘5303331123233455523333{3222

136 2989 352 3053 tenens,
382 2979 489 3038 sed
524 2977 581 3037 h.
612 2976 651 3037 1.
688 2975 857 3037 hitet:
888 2976 991 3038 cui
1023 2977 1221 3037 verbo
1248 2975 1311 3035 in
1347 2993 1460 3037 ms.
1492 2997 1544 3038 c.
1577 2974 2044 3057 superscriptum
2093 3016 2104 3028 -

138 3057 289 3120 etiam
322 3056 599 3122 scholion
633 3055 881 3138 splendet.
965 3057 1005 3118 l.
1055 3075 1145 3136 30.
1178 3056 1335 3136 Quid
1374 3055 1507 3116 enim
1546 3074 1627 3116 est
1666 3056 1901 3118 stultius.
1947 3055 2044 3120 Sic

142 3141 283 3203 mssti
324 3158 383 3202 et
428 3138 555 3203 edd.
598 3155 813 3201 omnes·
834 3151 981 3200 ante
1022 3139 1258 3218 Bipont.
1305 3137 1368 3198 in
1418 3155 1540 3220 qua
1585 3157 1774 3220 quum
1819 3153 2045 3201 temere

142 3223 331 3364 omhizsa
358 3239 521 3285 esset
540 3222 671 3283 enim
694 3221 1009 3304 particula,
1032 3221 1398 3284 desideratur
1419 3223 1619 3282 eadem
1641 3219 1705 3282 in
1721 3218 1816 3283 ed.
1835 3219 2043 3283 Ruhk.

142 3319 192 3363 et
282 3307 427 3367 arth.

211 3386 365 3449 Pae.
396 3385 600 3460 ¹241·
627 3403 680 3466 3.
709 3384 946 3448 mittitur.
965 3383 1135 3468 (scil.
1166 3383 1235 3446 ad
1259 3383 1662 3467 spectaculum
1679 3403 1702 3460 3
1720 3381 1854 3444 coll.
1881 3397 2043 3446 Lxx-

148 3483 273 3544 ηπ,
306 3467 443 3550 ιι.)
474 3467 570 3530 Sic
612 3485 724 3529 ms.
756 3465 808 3527 b.
844 3484 979 3528 cum
1026 3465 1203 3528 codd.
1244 3463 1396 3546 Ops,
1431 3483 1494 3526 et
1527 3463 1694 3526 Mod.
1732 3481 1794 3524 et
1824 3463 1944 3524 Pal.
1965 3482 2041 3526 ·2.

147 3563 239 3609 nec
264 3551 421 3612 aliud
451 3551 733 3612 debuerat
756 3547 893 3610 Col.
914 3547 972 3608 in
1008 3566 1133 3628 quo
1162 3548 1385 3610 vitiose
1405 3546 1606 3608 nititur.
1641 3546 1934 3606 demittitur
1947 3544 2039 3608 ed.

149 3629 209 3687 R.
226 3633 541 3713 rursusque
574 3630 667 3694 ed.
703 3628 860 3710 Lips.
884 3645 945 3690 et
975 3645 1140 3711 seqq.
1170 3629 1448 3690 dimittitur
1471 3627 1560 3688 ed.
1581 3629 1662 3688 A.
1693 3645 1830 3688 cum
1861 3645 1970 3688 ms·
1995 3649 2042 3690 c.

146 3711 254 3770 nitet
270 3715 355 3774 ed.
381 3713 601 3775 Erasm.
619 3728 680 3772 et
698 3711 855 3773 Mur.
937 3711 1083 3771 Ead.
1098 3713 1137 3772 l.
1156 3725 1509 3772 contractatur
1526 3710 1680 3769 bene
1701 3710 1811 3769 mss.
1831 3709 1880 3772 b.
1900 3725 2042 3770 cum

148 3791 260 3853 edd.
308 3795 446 3875 (Cf.
477 3813 558 3856 ne
581 3791 953 3876 Const.··Sap.
990 3809 1043 3854 c.
1082 3790 1217 3874 13·)
1244 3807 1589 3854 contrectatur
1614 3789 1706 3852 ed.
1731 3789 1808 3850 A.
1837 3805 2043 3853 contra-

148 3871 272 3936 hitur
294 3893 403 3942 ms.
426 3885 477 3942 c.
553 3877 595 3940 Ι.
620 3897 649 3939 1
665 3877 890 3972 13Nam
920 3875 1039 3960 quis
1065 3876 1249 3938 nis-b.
1287 3871 1413 3936 Alii
1433 3873 1624 3955 vulgo
1651 3871 1804 3956 Num
1837 3873 1974 3956 quis.
