2759 4825
403 370 410 395 ·’
525 324 562 441 ’-
633 401 734 495 60,
1023 386 2177 471 LANNAErsENEcAE
2276 476 2279 479 ,

635 581 936 654 temque
961 575 1338 649 tueantur,
1386 583 1573 654 quae
1598 574 1830 633 totam
1868 560 2087 633 vitam
2112 610 2136 649 ‚
2176 570 2577 655 totamque

633 694 876 743 rerum
896 689 1228 747 >naturam
1258 671 1475 744 simul
1496 671 1933 743 contineant.
1966 669 2127 743 Hoc
2150 670 2437 743 interest
2464 670 2577 741 in-

544 794 548 801 ·
635 796 747 851 ter
772 778 1056 853 decreta
1083 779 1579 876 philosophiae
1606 800 1679 851 et
1698 796 2071 877 praecepta
2091 834 2113 869 ‚
2144 781 2354 875 quod
2376 780 2583 853 inter

636 884 1030 977 elementa,
1075 907 1147 963 et
1197 891 1555 982 membra:
1606 891 1779 961 haec
1806 914 1897 963 ex
1928 891 2062 990 illis
2090 890 2523 985 dependent
2542 916 2603 978 5-

633 998 756 1071 illa
787 1018 864 1069 et
901 1000 1162 1071 horum
1187 1024 1431 1073 causae
1450 1016 1617 1076 sunt
1650 1016 1723 1074 et
1749 1002 2099 1074 onmium.

699 1111 704 1121 '
737 1160 793 1195 „
807 1108 1132 1201 Antiqua
1147 1159 1172 1195 ‚
1197 1108 1479 1201 inquit,
1498 1108 1857 1202 Sapie-ntia
1878 1110 2060 1181 nihil
2080 1109 2275 1183 aliud
2288 1160 2309 1198 ,
2333 1133 2569 1204 quam

633 1212 954 1286 facienda
973 1238 1058 1285 ac
1081 1212 1368 1288 vitanda
1388 1266 1409 1304 ,
1445 1218 1839 1311 praecepit3
1873 1235 1945 1290 et
1967 1236 2145 1291 tunc
2168 1221 2385 1319 longe
2404 1244 2569 1291 rne-

636 1327 845 1395 liores
874 1343 1076 1401 erant
1099 1327 1264 1398 viri:
1297 1345 1679 1420 postquam
1710 1329 1906 1403 docti
1931 1330 2355 1424 prodierunt
2374 1382 2397 1418 ‚
2428 1331 2571 1403 bo·-
2666 1325 2675 1332 ’

635 1425 1022 1507 nissdesunt.
1062 1434 1387 1531 Simplex
1428 1442 1621 1511 enim
1654 1442 1773 1511 illa
1814 1457 1887 1512 et
1928 1459 2167 1536 aperta
2194 1442 2439 1519 Virtus
2488 1442 2568 1513 in

633 1544 1014 1617 obscuram
1061 1564 1132 1617 et
1155 1549 1505 1636 solertem⁴
1530 1548 1891 1623 scientiam
1924 1576 2118 1624 versa
2146 1568 2291 1638 est,
2342 1551 2567 1622 doce-

569 1726 577 1734 ,
635 1680 952 1749 murque
982 1657 1374 1751 disputare,
1406 1684 1557 1729 non
1590 1661 1847 1731 vivere.
1862 1669 1917 1707 ‘⁶
1946 1694 2031 1707 ·-
2054 1664 2221 1733 Fuit
2246 1666 2395 1735 sine
2424 1662 2570 1733 du·-

636 1766 810 1852 bio,
845 1786 926 1836 ut
958 1766 1224 1857 dicitis,
1265 1785 1469 1839 vetus
1500 1768 1617 1839 illa
1640 1765 1993 1861 Sapientia
2015 1821 2039 1858 ‚
2088 1795 2319 1867 quum
2352 1769 2567 1843 maxi·

635 1904 758 1949 me
789 1902 1112 1965 nascens,
1148 1878 1378 1964 rudis,
1425 1902 1577 1950 non
1602 1879 1877 1965 minus,
1906 1906 2124 1973 quam
2158 1899 2437 1953 ceterae
2458 1905 2566 1951 ar-

635 2006 778 2075 tes,
816 2014 1122 2082 quarum
1166 1991 1240 2057 in
1274 2004 1609 2082 processu
1634 1990 1985 2063 subtilitas
2012 1994 2253 2065 crevit.
2292 1992 2441 2065 Sed
2472 2018 2563 2065 ne

521 2119 524 2122 ·
637 2122 824 2191 opus
873 2096 1178 2188 quidem
1229 2099 1471 2169 adhuc
1518 2115 1686 2169 erat
1706 2099 2034 2171 remediis
2074 2102 2559 2201 diligentibus.

635 2208 712 2279 N
713 2206 998 2297 onclpm
1029 2208 1104 2277 in
1131 2223 1414 2279 tanturn
1440 2209 1765 2301 nequitia
1789 2230 2179 2283 surrexerat
2201 2256 2223 2301 9
2256 2236 2391 2284 nec
2412 2230 2561 2289 tam

633 2316 777 2389 iate
815 2342 886 2388 se
927 2310 1288 2411 sparserat:
1341 2334 1682 2412 poterant
1712 2321 1895 2392 vitiis
1944 2322 2383 2416 simplicibus
2426 2322 2562 2393 oh·-

634 2443 810 2498 stare
850 2426 1166 2498 remedia
1219 2427 1583 2519 simplicia.
1639 2430 1859 2501 Nunc
1896 2452 2173 2502 necoese
2214 2447 2317 2502 est
2356 2447 2561 2500 tanto

638 2539 1042 2632 operosiora
1089 2562 1233 2628 esse
1281 2541 1815 2626 munimenta„
1834 2559 2110 2632 quanto
2170 2538 2559 2636 valentiora

635 2660 802 2716 sunt
847 2645 1114 2736 quibus
1220 2647 1501 2718 etimur.
1554 2645 1919 2722 Medicina
1962 2637 2371 2740 quondam
2378 2671 2561 2740 pau-

633 2777 878 2825 carum
921 2753 1060 2824 fuit
1105 2670 1393 2829 scssentia
1434 2753 1813 2827 herbarum
1822 2805 1859 2842 ,
1898 2757 2161 2848 quibus
2204 2759 2557 2829 sisteretur

557 2864 570 2926 ί
634 2861 866 2934 fluens
901 2865 1213 2962 sanguiS,
1241 2867 1539 2939 vulnera
1562 2863 1873 2936 coirente
1914 2857 2258 2958 paulatim
2288 2866 2557 2938 deinde

633 2969 712 3040 in
738 2972 921 3064 hanc
936 2975 1262 3065 pervenit
1285 2991 1431 3044 tam
1450 2974 1925 3064 multiplicem
1945 2975 2376 3046 varietatem.
2402 2976 2557 3045 Nec

549 3140 554 3148 .
638 3097 740 3150 est
781 3082 1090 3169 mirum,
1147 3099 1324 3155 tunc
1359 3083 1553 3154 illam
1604 3084 1838 3154 minus
1879 3084 2151 3181 negotii
2191 3086 2553 3172 habuisse,

635 3186 856 3258 firmis
883 3190 1118 3262 adhuc
1142 3192 1530 3286 solidisque
1558 3195 1979 3287 corporibus
1998 3246 2020 3281 ‚
2054 3212 2127 3266 et
2153 3195 2333 3266 facili
2356 3196 2555 3281 cibo,

634 3319 771 3366 nec
788 3317 916 3389 per
937 3313 1162 3370 artem
1187 3299 1785 3394 voluptatemque
1806 3320 2147 3395 corrupto
2168 3331 2185 3374 τ
2216 3303 2345 3394 qui
2364 3319 2557 3395 post·

635 3429 862 3498 quam
901 3408 1336 3501 coepitnon
1375 3409 1469 3480 ad
1497 3410 1889 3480 tollendam
1908 3399 1937 3496 ’,
1976 3410 2101 3480 sed
2122 3410 2219 3480 ad
2261 3409 2556 3494 inritan-

635 3513 843 3604 dam,
885 3515 1151 3588 famem
1185 3519 1467 3612 quaeriq
1506 3535 1578 3590 et
1602 3521 1933 3594 inventae
1964 3536 2133 3592 sunt
2156 3522 2353 3593 mille
2376 3545 2573 3594 con-·
2614 3510 2620 3514 ’

547 3719 555 3722 ἱ
633 3624 948 3719 ditatae,
985 3629 1250 3722 quibus
1289 3628 1581 3701 aviditas
1634 3631 2092 3704 excitaretur·
2072 3683 2094 3719 ,
2144 3657 2333 3726 quae
2370 3633 2556 3705 desi·-

633 3725 1046 3810 derantibus
1072 3739 1408 3810 alimenta
1436 3757 1673 3828 erant,
1712 3765 1925 3814 onera
1958 3759 2122 3826 sunt
2148 3743 2399 3836 plenis.
2436 3745 2558 3814 In·

637 3839 730 3911 de
753 3847 1018 3941 pallor,
1056 3867 1128 3921 et
1150 3873 1538 3923 nervorum
1560 3852 1731 3924 vino
1758 3853 2211 3944 madentium
2240 3874 2552 3950 tremor,

1287 4127 1310 4160 δ
