2759 4825
581 385 728 462 ωε
980 383 1060 457 L.
1109 381 1557 457 ANNAEI
1604 353 2117 456 SENECAE

579 547 891 622 cendum
919 599 941 634 ,
983 547 1182 618 aliud
1222 545 1314 616 ad
1352 544 1801 617 vestiendum
1833 597 1854 632 ,
1898 545 2091 616 aliud
2118 545 2211 616 ad
2236 544 2523 618 docen-
2589 554 2593 564 '

577 662 782 746 dum,
809 657 1004 728 aliud
1026 657 1116 726 ad
1141 653 1675 728 delectandum.
1702 656 1973 725 Omnia
1996 673 2242 726 tamen
2263 656 2358 727 ad
2378 657 2521 728 ho-

577 772 851 846 minem
893 767 1295 862 pertinent,
1340 757 1549 866 etiam
1576 768 1629 836 si
1656 767 1821 837 ‘non
1857 769 2098 837 omnia
2128 765 2519 840 meliorem

579 907 747 955 eum
791 877 1082 950 faciunt.
1129 877 1368 947 Mores
1409 877 1539 948 alia
1567 878 1771 947 aliter
1801 878 2201 976 adtingunt.
2254 880 2519 984 Quae-

581 985 748 1065 dam
789 991 945 1062 illos
977 989 1342 1086 corrigunt
1379 1003 1451 1056 et
1490 986 1869 1072 ordinaut3
1910 984 2267 1080 quaedam
2300 1003 2519 1058 natu-

575 1128 726 1176 ram
763 1123 1014 1171 eorum
1053 1115 1124 1170 et
1148 1099 1496 1195 originem
1522 1115 1947 1169 scrutantur.
1988 1098 2249 1202 Quum
2288 1120 2519 1188 quae-

573 1237 697 1300 10,
755 1233 972 1303 quare
1015 1207 1392 1277 hominem
1450 1223 1694 1276 natura
1754 1205 2223 1300 produxerit,
2284 1227 2529 1295 quare·

574 1317 990 1416 praetulerit
1032 1315 1453 1384 animalibus
1498 1314 1743 1386 ceteris
1767 1365 1789 1401 ,
1837 1317 2052 1412 longe
2084 1337 2203 1384 me
2238 1311 2511 1383 iudicas
2624 1379 2628 1385 .

572 1415 809 1506 >mores
858 1425 1220 1518 reliquisse
1251 1425 1285 1495 ?
1329 1425 1607 1515 Falsum
1654 1427 1804 1496 est!
1860 1422 2266 1530 Quomodo
2308 1425 2509 1496 enim

529 1545 781 1628 ·scies,
833 1540 962 1632 qui
1016 1535 1323 1608 habendi
1373 1537 1555 1624 sint,
1588 1535 1786 1624 nisi,
1856 1535 2037 1630 quid
2086 1535 2374 1607 homini
2420 1537 2511 1608 sit

576 1653 940 1752 optimum
964 1701 987 1738 ,
1023 1647 1421 1720 inveneris?
1464 1649 1595 1719 nisi
1620 1665 1963 1720 naturam
1998 1647 2147 1720 eius
2176 1649 2515 1742 inspexe-

571 1765 711 1838 ris?
739 1762 954 1832 Tunc
975 1758 1276 1830 demum
1303 1761 1652 1859 intelliges
1675 1811 1701 1849 ,
1742 1759 1925 1854 quid
1958 1759 2373 1830 faciendum
2418 1759 2525 1829 ti·-⁴

571 1876 645 1949 bi
671 1923 695 1961 ,
727 1871 910 1966 quid
937 1869 1312 1940 vitandum
1341 1871 1468 1956 sit,
1501 1895 1740 1964 quum
1766 1870 2089 1943 didiceris
2111 1922 2133 1957 ,
2165 1870 2349 1964 quid
2376 1893 2508 1940 na-

572 2003 773 2056 turae
799 1999 962 2052 tuae
989 1979 1265 2050 debeas.
1302 2020 1374 2034 -
1430 1981 1583 2078 Ego
1602 2033 1625 2068 ,
1656 1981 1897 2074 inquis
1918 2033 1943 2069 ‚
1990 1985 2161 2053 volo
2192 1983 2508 2069 discere,

569 2094 958 2189 quomodo
985 2092 1225 2162 minus
1247 2092 1533 2187 cupiam
1559 2145 1581 2180 ,
1608 2093 1849 2163 minus
1878 2094 2168 2164 timeam
2192 2123 2211 2165 ε
2258 2117 2511 2187 super-

569 2207 934 2279 stitionem
973 2203 1148 2274 mihi
1202 2225 1501 2291 excute3
1544 2205 1770 2294 doce,
1814 2208 1974 2277 leve
2018 2231 2160 2278 esse
2196 2229 2509 2276 vanum-

553 2339 720 2410 ·que
747 2315 886 2384 hoc
911 2363 932 2399 ,
980 2313 1186 2407 quod
1220 2315 1508 2385 felicitas
1554 2313 1849 2400 dicitur3
1899 2339 2120 2386 unam.
2153 2315 2259 2386 illi
2294 2317 2509 2410 sylla-

567 2430 740 2500 bam
779 2428 1108 2499 facillime
1138 2426 1505 2499 accedere!
1550 2466 1623 2481 -·
1678 2427 2048 2499 Desiderio
2080 2445 2213 2499 tuo
2241 2426 2509 2497 satisfa-

567 2537 790 2621 ciam,
836 2552 907 2606 et
937 2536 1231 2605 virtutes
1276 2536 1752 2623 exhortabor,
1796 2536 2069 2607 et-vitia
2104 2536 2511 2609 converbe-

566 2646 778 2719 rabo:
823 2640 998 2716 'licet
1047 2645 1299 2737 aliquis
1345 2645 1657 2717 nimium
1696 2646 2387 2740 inmoderatumque
2424 2645 2506 2717 in
2568 2721 2571 2725 ,

565 2758 700 2829 hac
725 2742 1073 2851 parte'me
1100 2756 1368 2827 iudicet
1393 2810 1413 2846 ,
1449 2782 1605 2830 non
1646 2756 1968 2832 desistam
1998 2759 2333 2855 persequi
2374 2784 2502 2835 ne-

569 2870 919 2962 quitiam,
969 2885 1041 2941 et
1083 2868 1399 2943 adfectus
1444 2862 1951 2942 efferatissimos
1996 2870 2371 2957 inhibere,
2431 2886 2509 2941 et

567 2980 973 3072 voluptates
1003 2980 1212 3051 ituras
1252 2982 1329 3051 in
1373 2981 1700 3053 dolorem
1733 3004 2215 3073 compescere,
2262 2998 2335 3051 et
2371 3006 2511 3055 vo·.

565 3089 654 3160 tis
698 3089 1127 3183 obstrepere.
1163 3090 1503 3195 Quidni?
1534 3116 1768 3184 quum
1802 3092 2112 3163 maxima
2142 3094 2504 3165 malorum

567 3198 1084 3291 optaverimus,
1132 3212 1205 3266 et
1241 3222 1334 3268 ex
1370 3200 1843 3295 gratulatione
1880 3218 2131 3273 natum
2168 3199 2255 3275 sit
2284 3197 2509 3292 quid-

570 3306 754 3400 quid
803 3305 1303 3398 obloquimur.
1361 3306 1657 3378 Interim
1697 3309 2039 3401 permitte
2094 3308 2321 3396 mihi,
2370 3330 2499 3397 ea,

570 3444 756 3513 quae
778 3420 996 3511 paulo
1023 3416 1362 3489 videntur
1384 3420 1765 3491 remotiora
1781 3471 1803 3506 ,
1848 3438 2201 3493 excutere.

669 3526 1208 3631 Quaerebamus
1225 3580 1247 3615 ,
1291 3530 1395 3625 An
1426 3548 1591 3599 esset
1617 3532 1903 3601 omnibus
1928 3531 2317 3601 animalibus
2344 3554 2506 3601 con·-

568 3639 930 3707 stitutionis
963 3662 1122 3707 suae
1153 3664 1374 3708 sensus
1395 3643 1441 3707 2?
1473 3634 1775 3710 Sensum
1802 3654 2046 3709 autem
2075 3662 2218 3709 esse
2237 3689 2260 3727 ,
2290 3664 2387 3710 ex
2412 3664 2507 3711 eo

569 3744 885 3814 maxime
911 3744 1242 3837 adparet,
1280 3746 1487 3838 quod
1512 3748 1835 3819 membra
1859 3762 2029 3840 apte
2055 3762 2128 3816 et
2154 3748 2506 3842 expedite

569 3872 908 3943 movent,
953 3879 1106 3927 non
1133 3858 1372 3949 aliter,
1410 3882 1633 3954 quam
1671 3859 1749 3931 in
1779 3858 1921 3931 hoc
1955 3857 2255 3935 erudita.
2288 3860 2503 3934 Nulli
