2759 4825
656 374 1276 445 EPISTOLAM
1336 372 1611 443 val.
1982 400 2097 469 339

175 532 378 600 ctum}
415 542 548 587 nam
577 524 670 597 ed.
687 528 761 587 R.
792 543 930 591 cum
961 524 1152 587 msstis
1181 522 1371 599 nude,
1398 542 1582 605 ergoet
1608 522 1779 585 virtus
1801 547 1906 586 non
1939 526 2099 589 aliud

173 606 623 681 eto-Vitiosum,
651 607 852 669 locum
872 650 892 679 ,
918 622 980 669 et
1005 605 1162 668 baud
1183 606 1356 667 dubie
1388 602 1725 682 defectum,
1753 604 1907 669 facili
1940 625 2093 669 con-

171 686 412 749 iectura
431 706 462 749 a
483 687 658 750 nobis
685 688 1048 770 completum
1075 706 1133 749 et
1169 703 1544 768 persanatum
1574 688 1866 749 existimo.
1950 688 1991 751 l.
2016 709 2094 773 29

175 786 274 849 sq.
305 770 496 831 Omnes
520 770 736 830 w'rtutes
757 768 982 831 rationes
1012 786 1142 830 sunt
1157 791 1178 831 .·
1216 768 1274 828 .ςὶ
1303 768 1528 855 sationes
1554 785 1685 829 sunt
1696 791 1723 843 ;
1762 786 1918 830 tectae
1944 788 2091 831 sunt.

171 841 252 909 Et
295 849 389 910 hic
424 866 625 913 rursus
649 847 876 913 defectu
915 849 1221 912 laborabat
1251 848 1493 927 vulgata
1532 845 1647 911 s'cri
1690 866 1849 909 tura:
1898 852 2095 912 Omnes

171 930 397 992 virtutes
435 933 662 993 rationes
691 950 854 992 rectae
884 948 1022 993 sunt.
1061 928 1174 992 Sed
1197 932 1315 996 hoc
1348 948 1557 993 rursus
1593 950 1628 992 a
1730 946 1901 991 ureto
1932 949 2094 1006 erat;

173 1028 314 1071 nam
340 1011 626 1075 editiones
649 1028 794 1073 vett.
824 1031 960 1074 cum
992 1012 1188 1074 msstis
1209 1010 1291 1073 sic
1319 1003 1672 1085 habebant·,¹
1697 1014 1891 1071 Omnes
1920 1014 2094 1074 virtu-

174 1111 253 1153 tes
285 1095 513 1154 rationes
549 1112 692 1155 sunt.
719 1095 971 1157 Rariom
991 1112 1151 1165 sune,
1189 1094 1252 1153 si
1285 1112 1446 1153 rectae
1469 1110 1611 1153 sunt.
1644 1092 1713 1151 Sc·
1744 1110 1906 1153 rectae
1929 1112 2089 1167 sunt,

172 1191 396 1253 etpam
420 1192 562 1237 suno.
587 1174 967 1237 Manifestum
990 1192 1187 1238 autem
1211 1173 1383 1235 nobis
1410 1174 1751 1247 videbatur,
1772 1172 1985 1235 leviter
2004 1176 2093 1235 in·-

173 1258 526 1319 verteudum
577 1275 708 1319 esse
761 1256 1022 1317 medium
1061 1251 1583 1337 argumentationis
1628 1254 1989 1329 membrum,
2034 1254 2095 1317 in

174 1339 596 1413 eummodum
675 1356 758 1400 uo
801 1336 1101 1401 edidimus.
1754 1378 1761 1389 ·
1970 1390 1979 1397 .

262 1419 435 1480 Pac.
470 1438 604 1483 ιιι.
661 1460 680 1483 .
705 1440 760 1501 3.
789 1421 914 1499 quia
942 1436 1102 1479 rectae
1119 1436 1273 1479 sunt.-
1300 1433 1358 1478 et
1382 1420 1422 1479 l.
1443 1440 1483 1499 9
1508 1434 1597 1499 sq.
1637 1416 1761 1496 quia
1784 1415 1909 1477 boni
1944 1432 2089 1481 sunt.

175 1498 520 1581 Utrobique
541 1500 668 1581 quia
707 1499 916 1563 dedere
947 1498 1116 1563 editt.
1148 1516 1293 1560 vett.
1337 1519 1474 1561 cum
1520 1489 1752 1573 msstis3
1789 1516 1913 1559 non
1948 1521 2087 1579 qua,

175 1580 344 1660 quod
385 1599 463 1643 ex
507 1580 732 1645 Erasmi
767 1580 926 1644 coni.
960 1578 1158 1663 posuit
1192 1578 1354 1643 Mur.
1406 1572 1588 1641 Conf-
1614 1578 1758 1641 Nor.
1792 1579 1862 1638 ad
1899 1595 2094 1641 tvm.

181 1680 334 1741 175,
361 1679 480 1743 158
525 1706 540 1722 .
622 1666 668 1725 1.
692 1660 750 1725 8.
781 1664 1026 1723 honestae
1053 1675 1199 1724 sunt.
1235 1660 1389 1721 Duo
1422 1660 1640 1733 verba,
1676 1675 1831 1740 quae
1868 1659 2092 1721 deside·-

173 1758 390 1805 rantur
411 1763 496 1806 vu
519 1761 636 1825 go,
663 1743 890 1807 abiecta
925 1742 998 1804 ab
1023 1740 1300 1815 Erasino,
1347 1740 1579 1803 restitui
1612 1758 1683 1799 ex
1707 1738 1925 1800 eisdem
1960 1740 2095 1806 edd.

174 1841 328 1885 vett.
367 1841 431 1887 et
467 1826 681 1887 msstis.
763 1824 807 1886 l.
849 1822 942 1886 18.
1009 1823 1248 1884 uidutile
1274 1821 1368 1885 sit.
1393 1808 1489 1883 Sic
1524 1835 1669 1883 vett.
1690 1819 1825 1881 libri
1860 1838 2090 1887 omnes.

173 1904 373 1977 Mire,
396 1906 524 1987 quid
537 1907 684 1979 utile,
703 1905 826 1979 scit,
843 1905 937 1967 ed.
964 1848 1120 1987 [ips.
1138 1922 1312 1977 casu,
1337 1920 1487 1985 puto
1500 1944 1522 1976 ,
1542 1910 1663 1963 'non
1680 1896 1921 1963 editoris
1938 1898 2095 1965 con]-

173 1987 346 2049 silio:
389 1987 648 2070 ineptam
671 1988 1017 2068 scripturam
1054 1982 1301 2049 fideliter
1332 2002 1528 2047 tamen
1566 1998 1963 2065 propagarunt
1994 1978 2095 2045 alii

177 2067 459 2131 editores.
541 2069 580 2129 l.
615 2089 711 2149 ²3·
730 2089 824 2149 per
847 2086 1036 2129 rectum
1061 2066 1220 2128 itura.
1255 2060 1356 2127 Sic
1373 2066 1560 2143 ed.·R.
1581 2082 1713 2127 cum
1738 2064 1869 2125 cod.
1886 2061 2095 2125 Siculo

175 2148 409 2211 Mureti
429 2196 450 2224 ‚
481 2164 540 2212 et
569 2149 894 2212 Nicotiano
929 2146 1160 2229 Opsop.
1195 2146 1424 2227 quibus·
1447 2146 1671 2206 accedit
1702 2143 1830 2207 Par.
1849 2168 1905 2204 a.
1932 2140 2093 2207 Hin'c

176 2248 470 2311 corrupte
505 2231 780 2312 pmficrum
817 2230 862 2288 it
896 2228 1022 2291 Par.
1065 2232 1114 2287 b.
1147 2231 1202 2289 d.
1247 2227 1378 2289 dein
1419 2228 1495 2287 ad
1508 2278 1513 2283 .
1528 2225 1807 2305 perficrum
1856 2226 2000 2306 Arg.
2036 2226 2091 2286 b.

176 2326 236 2371 et
255 2311 393 2373 alii=
435 2312 492 2373 in
553 2308 793 2393 affictum
817 2310 908 2373 ed.
938 2308 1164 2371 Erasm.
1183 2325 1244 2370 et
1263 2326 1428 2389 seqq.
1448 2324 1589 2369 cum
1616 2306 1709 2365 ed.
1733 2306 1941 2379 Auis.
1962 2328 2012 2368 c.
2033 2320 2094 2367 et

175 2386 298 2456 Pal.
318 2411 435 2456 sec.
495 2335 612 2470 ἔω
631 2395 773 2456 itura
801 2406 1278 2476 exspectaveram
1305 2390 1509 2462 ianae,
1536 2381 1719 2450 sedin
1746 2386 1861 2448 hoc
1898 2386 2093 2450 verbo

175 2475 258 2542 nil
301 2491 531 2537 mutant
572 2475 730 2538 libri.
824 2474 866 2534 1.
911 2491 1008 2552 27.
1054 2473 1278 2536 Ceumm
1303 2472 1499 2543 ‚bona
1550 2472 1815 2550 quaedam.
1864 2467 2093 2528 Aberat

157 2555 374 2636 „vulgo
397 2556 580 2618 media
607 2575 730 2618 vox
747 2600 767 2629 ,
790 2557 832 2617 ‘a
863 2552 1108 2616 Mureto
1142 2553 1397 2616 abiecta:
1430 2550 1536 2614 sed
1566 2549 1773 2614 dedere
1797 2566 1931 2626 ,eam
1957 2547 2091 2612 edd.

177 2653 330 2699 vett.
352 2657 490 2700 curu
519 2655 656 2700 mss.
679 2640 826 2718 Arg.
849 2632 978 2697 Par.
1009 2653 1073 2696 et
1103 2633 1283 2698 Grut.

153 2789 161 2796 ⁶
257 2719 436 2782 Pac.
473 2739 610 2799 ²¹3·
653 2721 696 2778 l.
727 2718 786 2779 6.
832 2718 966 2777 Duo
1003 2715 1101 2776 illa
1133 2719 1316 2776 bona
1355 2713 1639 2792 superiora.
1677 2705 1925 2772 Facilius
1958 2710 2017 2774 h.
2050 2705 2093 2772 l.

176 2816 386 2862 careas
425 2799 642 2864 vooeb.
670 2800 810 2860 bona
835 2817 855 2858 .·
895 2796 997 2860 sed
1036 2815 1238 2860 rursus
1269 2795 1567 2860 abiectum
1590 2810 1627 2852 a
1672 2789 1833 2852 Mur.
1862 2792 2097 2854 restitu-

178 2895 314 2942 tum
358 2879 612 2945 voluere
649 2896 884 2944 veteres
921 2875 1049 2941 libri
1079 2893 1312 2939 omnes.
1345 2869 1352 2874 “
1388 2869 1429 2936 1.
1466 2892 1565 2951 ας.
1584 2869 1795 2954 felicior
1817 2891 1946 2934 res.
1978 2867 2122 2940 pm,

177 2961 494 3025 sterion-em
527 2979 744 3026 vocem
789 2957 1078 3022 dederunt
1113 2954 1248 3020 edd.
1270 2951 1346 3018 R.
1370 2973 1431 3016 et
1446 2957 1528 3019 A.
1554 2973 1690 3019 cum
1720 2969 1853 3014 mss.
1888 2951 2017 3015 Par.
2036 2975 2094 3014 a.

178 3043 230 3102 b.
253 3045 314 3104 d.
338 3043 529 3105 Abest
561 3037 700 3104 alliS.
781 3042 822 3102 l.
844 3063 880 3102 2
923 3083 940 3100 .
965 3039 1271 3101 obnixus
1295 3037 1525 3098 aniam-5.
1578 3033 1773 3102 Unice
1807 3033 1927 3096 hoc
1949 3051 2097 3118 pro-

179 3120 326 3186 havi
343 3168 364 3198 ‚
391 3124 558 3205 quod
579 3123 740 3187 dedit
765 3141 875 3184 ms.
937 3119 1014 3183 al.
1034 3138 1150 3184 sec.
1188 3119 1308 3182 Alii
1335 3117 1519 3198 vulgo
1544 3115 1825 3178 obnoxius.

281 3203 454 3266 Pac.
493 3223 626 3280 ²¹4·
665 3205 708 3266 1.
747 3221 800 3284 3.
851 3201 950 3263 hoc
985 3203 1287 3283 contingere.
1322 3193 1586 3262 Restitui
1637 3195 1889 3259 verbum
1926 3190 2102 3265 abie-
2212 3187 2239 3253 ’.

163 3300 348 3348 ctum
385 3303 422 3346 a
459 3282 624 3348 Mur.
653 3283 817 3366 quod
855 3295 1008 3344 vett.
1047 3283 1177 3345 libri
1215 3299 1423 3346 omnes
1462 3277 1762 3341 communi
1802 3295 2100 3338 consensu

183 3383 537 3461 agnoscunt.
613 3363 654 3428 1.
683 3388 740 3440 4.
763 3361 1014 3424 Senams.
1033 3361 1292 3458 probavi
1315 3365 1461 3456 hoc,
1487 3359 1651 3440 quod
1672 3356 1826 3420 dedit
1847 3357 1959 3418 Pal.
1983 3373 2101 3450 sec.

107 3509 111 3514 ,
182 3465 244 3510 et
273 3445 504 3510 Mureti
536 3463 715 3510 vetus
751 3445 956 3506 codex.
997 3441 1116 3504 Ain
1145 3439 1332 3525 vulgo
1369 3464 1425 3500 tn
1464 3455 1671 3500 senatu.
1772 3437 1813 3498 l.
1863 3455 1952 3509 ¹4·
1980 3455 2101 3516 ipsa

179 3529 452 3610 principia
473 3528 564 3604 ed.
581 3531 654 3590 R.
686 3543 748 3589 et
777 3544 913 3588 mss.
944 3523 1090 3606 Arg.
1115 3527 1168 3586 b.
1195 3545 1245 3588 c.
1270 3541 1333 3586 et
1357 3522 1487 3584 Par.
1504 3521 1629 3612 ap.
1651 3519 1705 3580 d.
1749 3515 1942 3580 Abest
1972 3515 2105 3581 vul-
2180 3513 2189 3522 ‘

186 3627 266 3690 go
298 3610 468 3688 prior
503 3627 648 3671 vox.
737 3665 740 3670 .
1369 3651 1374 3656 -
1944 3647 1950 3656 ·

267 3691 440 3754 PAG.
463 3689 600 3755 216.
631 3687 674 3751 l.
711 3706 810 3750 αι.
836 3684 1246 3768 sanguinolentis
1270 3706 1296 3746 e
1313 3700 1336 3745 r
1361 3703 1429 3744 ex
1448 3681 1570 3745 acie,
1583 3677 1923 3741 redeuntibus.
1977 3677 2107 3742 Ab·

43 3752 94 3848 .ae
155 3829 170 3838 ,
188 3788 322 3834 esse
359 3772 688 3833 malueram
739 3769 1016 3850 copulam
1042 3784 1127 3843 εις
1169 3767 1275 3830 sed
1313 3782 1522 3828 omnes
1556 3779 1691 3824 ea-
1734 3758 1907 3842 libri,
1949 3777 2107 3843 quos

185 3855 512 3930 novimus,
534 3865 892 3936 agnoscunt.
2006 3855 2012 3860 ’
