2759 4825
633 379 764 478 ιςε
965 377 1078 450 L·.
1131 375 1569 450 ΑΝΝΑΕῙ
1616 373 2165 448 SENECAE
2228 339 2241 346 ’

619 541 832 613 simul
873 554 1056 610 sunt.
1091 537 1196 608 Ita
1223 536 1601 630 quomodo
1640 536 1909 632 singula
1940 507 2149 608 erunt
2171 526 2529 621 animalia,

623 671 856 742 quum
893 670 1076 718 unus
1107 647 1385 718 animus
1422 646 1553 731 sit3
1594 644 1755 740 qui
1770 647 1965 736 plna,
2018 667 2234 736 quam
2283 666 2528 714 unum

619 759 921 844 animal,
943 779 1094 826 non
1119 771 1350 848 potest
1377 754 1653 824 facete?
1690 730 2027 844 Denique
2054 753 2337 822 nullutn
2374 753 2527 822 ani·

619 868 764 936 mal
792 889 946 958 pars
985 881 1088 934 est
1111 863 1391 933 alterius
1414 860 1769 944 animalis;
1794 859 2055 930 iustitia
2088 877 2331 932 autem
2365 885 2525 954 pars

619 990 754 1048 est
743 976 1010 1044 animi·
1043 996 1194 1044 non
1223 990 1323 1042 est
1345 995 1511 1067 ergo
1542 970 1820 1040 animal.

713 1081 984 1155 Videor
1001 1083 1263 1154 mihim
1285 1106 1360 1152 re
1388 1080 1693 1150 confessa
1724 1078 2021 1174 perdere
2040 1107 2348 1178 operam.
2370 1077 2523 1155 Ma

612 1197 714 1292 gis
750 1195 941 1264 enim
981 1189 1501 1287 indignandum
1538 1191 1629 1259 de
1665 1190 1797 1261 isto
1820 1242 1843 1278 ‚
1880 1216 2101 1284 qnam
2148 1185 2524 1288 disputan·-

615 1301 792 1373 dum
819 1319 938 1372 est.
967 1300 1264 1370 Nullum
1291 1297 1551 1368 animal
1572 1301 1849 1370 alterius
1870 1326 2025 1394 pars
2050 1319 2169 1372 est.
2194 1305 2523 1374 Circum·

611 1409 802 1502 spice
836 1407 1166 1478 omnium
1203 1431 1525 1500 σοι-ρους
1574 1409 1753 1478 nulli
1796 1435 1947 1482 non
1996 1429 2068 1482 et
2106 1417 2305 1484 color
2346 1439 2517 1508 pro-

609 1519 804 1614 prius
829 1534 966 1605 est,
993 1535 1066 1588 et
1085 1518 1301 1614 figura
1325 1543 1447 1588 sua
1465 1565 1489 1604 ,
1518 1534 1591 1588 et
1618 1522 2060 1617 magnitudo.
2106 1525 2299 1596 Inter
2324 1543 2519 1597 cete-

609 1655 708 1716 ra,
733 1646 1027 1723 propter
1043 1652 1228 1721 quae
1257 1628 1577 1698 mirabile
1598 1629 1821 1700 divini
1847 1617 2120 1702 artificis
2146 1634 2518 1731 ingenium

613 1759 718 1814 est
737 1795 756 1828 ,
787 1743 925 1814 hoc
945 1765 1248 1833 quoque
1275 1742 1597 1812 existimo
1624 1763 1801 1829 esse,
1834 1743 2037 1834 quod
2064 1744 2139 1812 in
2167 1760 2358 1814 tanta
2388 1768 2519 1814 co·-

609 1854 726 1946 pia
745 1875 976 1923 rerum
1005 1872 1403 1941 numquam
1432 1851 1506 1920 in
1534 1850 1723 1920 idem
1755 1852 2039 1922 incidit:
2066 1853 2308 1936 etiam,
2326 1875 2517 1944 quae

607 1963 856 2032 similia
881 1957 1249 2043 videntur,
1282 1979 1513 2049 quum
1550 1962 1971 2047 contuleris,
2008 1961 2273 2032 diversa
2317 1978 2511 2033 sunt.

605 2073 752 2142 Tot
789 2070 954 2140 fecit
979 2093 1228 2165 genera
1254 2068 1589 2137 foliorum
1608 2115 1632 2154 ,
1684 2070 1967 2138 nullum
2006 2092 2154 2142 non
2194 2091 2314 2140 sua
2340 2095 2517 2164 pro-

603 2181 900 2277 prietate
923 2179 1270 2276 signatum
1295 2205 1312 2248 ι
1341 2195 1453 2250 tot
1478 2178 1831 2264 animali23
1870 2181 2049 2250 nulli
2082 2182 2513 2277 magnitudo

603 2314 774 2362 cum
791 2289 1010 2360 altero
1035 2287 1372 2358 convenit
1394 2336 1415 2372 ,
1448 2286 1703 2380 utique
1728 2288 2002 2382 aliquid
2032 2289 2339 2373 interest.
2372 2289 2517 2362 Ex·

606 2399 750 2497 egit
771 2425 812 2469 a
831 2411 904 2469 se
924 2448 948 2485 ‚
984 2416 1064 2469 ut
1088 2448 1112 2481 ‚
1137 2421 1322 2489 quae
1349 2396 1479 2467 alia
1504 2415 1699 2469 erant
1718 2448 1739 2485 ,
1778 2416 1851 2469 et
1872 2398 2219 2469 dissimilia
2255 2416 2509 2489 essent,

604 2522 678 2577 et
705 2505 988 2599 inparia.
1020 2499 1332 2576 Virtutes
1361 2529 1649 2591 omnes,
1682 2528 1765 2577 ut
1796 2505 2019 2579 dicitis
2040 2560 2059 2593 ,
2089 2532 2283 2600 pares
2302 2523 2509 2581 sunt=

604 2639 772 2709 ergo
803 2636 950 2685 non
975 2632 1144 2683 sunt
1167 2614 1514 2683 animalia.
1556 2614 1859 2685 Nullum
1908 2637 2054 2683 non
2082 2616 2337 2705 animal
2377 2640 2510 2708 per

601 2746 674 2793 se
693 2720 965 2813 aliquid
995 2720 1171 2817 agit:
1205 2722 1428 2793 virtus
1452 2737 1695 2793 autem
1724 2746 1858 2817 per
1884 2748 1955 2795 se
1978 2724 2153 2795 nihil
2176 2726 2352 2821 agit,
2380 2726 2516 2797 sed'

600 2856 768 2905 cum
797 2830 1110 2903 homine.
1137 2830 1407 2899 Omnia
1426 2830 1750 2901 animalia
1778 2848 1902 2903 aut
1931 2834 2291 2917 rationalia
2314 2851 2507 2922 sunt,

475 2954 486 2965 ⁴
597 2958 684 3014 ut
721 2943 1043 3013 homines
1065 2992 1085 3027 ,
1125 2962 1207 3010 ut
1231 2942 1387 3023 Dii;
1414 2960 1537 3013 aut
1564 2942 2032 3032 inrationalia‚
2066 2962 2145 3017 ut
2168 2944 2391 3031 ferae,
2420 2961 2509 3018 ut
2554 2991 2561 3004 ,

598 3075 890 3144 pecora:
933 3051 1226 3120 virtutes
1249 3050 1503 3142 utique
1526 3054 1895 3125 rationales
1916 3068 2113 3138 sunt3
2144 3053 2346 3145 atqui
2370 3077 2507 3125 nec

597 3160 916 3231 homines
955 3174 1157 3241 sunt,
1200 3178 1332 3227 nec
1372 3157 1529 3231 Dii·
1591 3182 1771 3255 ergo
1790 3181 1949 3229 non
1968 3172 2133 3227 sunt
2158 3156 2505 3229 animalia.

600 3270 846 3341 Omne
885 3266 1217 3338 rationale
1246 3256 1521 3339 animal
1562 3270 1739 3337 nihil
1780 3267 2009 3363 agit,
2004 3266 2131 3337 nisi
2158 3263 2505 3361 p'rimum

596 3378 824 3473 specie
849 3375 1140 3461 alicuius
1166 3375 1264 3445 rei
1294 3376 1658 3445 inritatum
1688 3392 1827 3465 est,
1854 3376 2161 3457 deinde
2145 3392 2507 3469 impetum

598 3488 826 3581 cepit,
879 3483 1146 3555 deinde
1189 3484 1505 3555 adsensio
1547 3485 1993 3557 confirmavit
2042 3488 2232 3557 huric
2270 3486 2506 3576 impe-

592 3610 774 3666 tum.
822 3594 1025 3698 Quid
1051 3594 1138 3665 sit
1163 3594 1523 3680 adsensio,
1570 3592 1822 3665 dicam.
1868 3596 2183 3689 Oportet
2202 3616 2319 3663 me
2346 3616 2507 3663 am·-

594 3700 882 3773 bularez
928 3716 1112 3773 tunc
1149 3703 1441 3773 demum
1481 3694 1813 3792 ambulo,
1861 3725 2089 3797 quum
2126 3702 2264 3771 hoe
2312 3694 2499 3773 mihi

593 3802 786 3897 dixi,
816 3824 888 3879 et
907 3807 1296 3905 adprobavi
1315 3810 1500 3885 hanc
1526 3811 1977 3913 opinionem
1972 3832 2229 3882 meam
2254 3810 2498 3908 Opot·
2560 3792 2581 3815 ’
