2759 4825
697 456 750 527 4
1085 426 1168 498 L.
1215 416 1662 497 ΑΝΝΑΕῙ
1708 414 2235 494 SENECAE

701 589 912 689 gula,
939 599 1054 673 et,
1081 584 1410 678 quamvis
1442 580 1777 652 acerrime
1796 581 2055 677 pelago
2080 578 2483 669 saeviente,
2512 580 2633 653 ha·

697 700 904 771 beret
919 694 1204 766 luxuria
1223 707 1473 787 portus
1493 714 1696 776 suos,
1722 692 1803 759 in
1828 690 2095 783 quibus
2122 690 2507 763 distinctos·
2526 694 2631 785 pi·

695 809 927 881 scium
951 828 1186 905 greges
1211 803 1573 902 saginaret.
1604 799 1813 906 Quid
1834 800 1975 871 ais?
2001 797 2475 895 Philosophia
2498 802 2635 872 do-

695 918 856 991 cuit
891 914 1220 987 homines
1261 912 1529 983 habere
1560 912 1837 981 clavem
1887 925 1961 981 et
2002 912 2271 981 seram?
2310 910 2405 982 Et
2446 912 2633 1005 quid

696 1022 902 1095 aliud
943 1035 1130 1108 erat,
1177 1016 1509 1091 avaritiae
1552 1016 1837 1114 signum
1887 1016 2105 1087 dare?
2161 1015 2635 1113 Philosophia

697 1130 875 1203 haec
893 1152 1064 1201 cum
1089 1143 1294 1198 tanto
1329 1125 1807 1198 habitantium
1834 1126 2213 1221 periculo
2194 1130 2635 1201 inminentia

697 1256 886 1313 tecta
907 1237 1332 1333 suspendit?
1370 1238 1633 1309 Parum
1658 1239 1857 1308 enim
1898 1251 2047 1307 erat
2084 1234 2401 1308 fortuitis
2443 1240 2631 1335 tegi,

695 1370 776 1426 et
813 1354 964 1446 sine
985 1364 1132 1421 arte
1175 1364 1248 1420 et
1288 1348 1711 1419 difficultate
1751 1350 2071 1419 naturale
2112 1347 2250 1419 sibi
2300 1350 2633 1420 invenire

697 1457 1002 1554 aliquod
1053 1458 1627 1587 receptaculum!
1695 1455 1879 1527 Mihi
1926 1456 2174 1542 crede,
2220 1455 2399 1529 felix
2444 1457 2631 1527 illud

701 1573 1025 1645 seculum
1051 1585 1218 1639 ante
1239 1550 1717 1669 ἁρχηίσωυνας
1746 1565 1906 1637 fuit.
1950 1566 2085 1637 Ista
2108 1582 2273 1637 nata
2296 1582 2477 1638 sunt
2494 1568 2633 1637 iam

697 1696 1034 1753 nascente
1075 1679 1396 1765 luxuria,
1440 1678 1517 1749 in
1546 1676 1983 1771 quadratum
2020 1678 2215 1775 tigna
2246 1678 2589 1756 decidere
2609 1726 2633 1765 ,

701 1804 818 1877 et,
849 1810 1028 1858 serra
1058 1808 1189 1879 per
1219 1784 1581 1883 designata
1604 1803 1934 1857 currente
1952 1836 1979 1875 ,
2010 1802 2201 1859 certa
2235 1810 2469 1860 manu
2496 1802 2633 1857 tra-

699 1895 878 1967 bem
909 1892 1252 1964 scindere.

801 2000 880 2073 N
877 2026 982 2071 am
991 2002 1195 2097 primi
1227 2000 1447 2069 cuneis
1466 1998 1809 2070 scindebat:
1816 2016 1845 2067 t
1846 2002 2067 2097 fissrle
2088 2002 2366 2095 lignum.

697 2110 882 2187 Non
918 2108 1116 2180 enim
1142 2122 1328 2179 tecta
1351 2108 1796 2193 coenationi,
1828 2110 2131 2200 epulum
2160 2124 2583 2204 recepturae
2602 2159 2625 2196 ‚

703 2188 1212 2315 parabantur3
1219 2239 1356 2307 nec
1386 2217 1465 2287 in
1502 2217 1703 2289 hunc
1744 2242 1955 2287 usum
2006 2218 2223 2311 pinus
2264 2238 2397 2291 aut
2442 2220 2631 2291 abies
2730 2248 2732 2253 ·

705 2330 1162 2406 deferebatur
1183 2331 1407 2429 longo
1438 2329 1939 2401 vehiculorum
1968 2328 2263 2418 ordine,
2304 2332 2481 2402 vicis
2524 2334 2629 2401 in-

701 2442 1216 2530 trementibus,
1246 2459 1332 2513 ut
1357 2463 1449 2510 ex
1480 2441 1601 2510 illa
1630 2442 1981 2511 lacunaria
2006 2465 2185 2511 auro
2204 2443 2441 2538 gravia
2455 2466 2633 2538 pen-

705 2554 982 2627 derent.
1007 2554 1272 2624 Furcae
1309 2552 1679 2653 utrimque
1696 2575 2069 2645 suspensae
2088 2551 2489 2626 fulciebant
2517 2578 2630 2628 ca-

707 2689 854 2738 sam
869 2691 890 2734 2
919 2666 1218 2758 cpioeatis
1241 2663 1627 2735 ramalibus
1652 2713 1673 2750 ‚
1698 2687 1780 2732 ac
1806 2663 2063 2734 fronde
2086 2681 2422 2764 congesta
2454 2684 2528 2736 et
2556 2667 2630 2736 in

707 2775 1031 2871 proclive
1065 2773 1440 2870 disposita,
1485 2774 1819 2845 decursus
1862 2773 2219 2846 imbribus
2239 2825 2261 2862 ,
2302 2774 2631 2869 quamvis

702 2887 980 2987 magnis
1004 2936 1028 2973 ,
1088 2901 1252 2957 erat.
1305 2883 1463 2958 Sub
1508 2885 1613 2957 his
1661 2886 1867 2958 tectis
1918 2887 2333 2958 habitavere
2380 2887 2626 2959 secuti.

709 2996 1017 3066 Culmus
1060 2996 1320 3066 liberos
1359 2995 1577 3073 texit3
1621 2995 1757 3066 sub
1790 3019 2145 3068 marmore
2190 3014 2413 3090 atque
2456 3020 2631 3067 auto
2725 3073 2726 3076 Ἴ

707 3104 1004 3179 servitus
1033 3104 1322 3175 habitat.
1355 3105 1441 3174 In
1461 3105 1587 3175 illo
1614 3130 1917 3198 quoque
1946 3106 2283 3178 dissentio
2308 3133 2347 3180 a
2376 3109 2553 3180 Pos
2571 3125 2628 3175 1·

707 3234 767 3287 D
789 3229 840 3284 ο
857 3232 910 3283 N
927 3233 1022 3284 10
1045 3265 1068 3300 ‚
1097 3215 1302 3307 quod
1320 3213 1743 3312 ferramenta
1758 3215 2047 3314 fabrilia
2072 3225 2447 3310 excogitata
2468 3244 2509 3286 α
2534 3241 2630 3285 sa·
2722 3301 2724 3313 Ι

700 3325 1030 3425 pientibus
1057 3327 1220 3396 viris
1259 3325 1549 3396 iudicat.
1594 3325 1737 3398 Isto
1770 3327 1964 3398 enim
1994 3327 2222 3397 modo
2249 3325 2443 3399 dicat
2462 3327 2627 3397 licet

706 3432 1076 3532 Sapientes.
1101 3453 1238 3526 per
1257 3457 1441 3526 quos

807 3563 960 3617 tune
991 3547 1235 3644 laqueis
1257 3565 1521 3646 captare
1535 3546 1768 3645 feras‘,
1800 3565 1865 3618 et
1872 3548 2122 3648 fallere
2146 3554 2327 3624 ‘visco

801 3655 1170 3731 inventum,
1206 3671 1270 3727 et
1291 3681 1563 3752 magnos
1593 3659 1858 3753 carnibus
1890 3662 2286 3732 circumdare
2308 3661 2540 3732 saltus.

705 3761 987 3834 Omnia
1006 3768 1200 3838 enim
1227 3767 1352 3840 ista
1379 3768 1699 3867 sagacitas
1718 3768 2101 3842 hominum
2120 3822 2142 3858 ‚
2169 3795 2319 3843 non
2340 3771 2617 3865 sapien·
2718 3758 2720 3771 '

645 3955 666 3964 ἕ
705 3872 806 3946 tia
854 3873 1150 3948 invenit.
1204 3877 1292 3948 In
1333 3878 1477 3958 hoc
1514 3903 1815 3975 quoque
1854 3880 2233 3972 dissentio,
2282 3882 2616 3980 Sapientes
