2759 4825
305 403 338 422 t
636 360 1448 444 EptssroLA
1548 367 1808 445 CXX.
2036 395 2171 454 ποι

229 529 520 602 tutibus
543 531 715 602 vitia
747 525 1058 602 confinia
1085 578 1107 616 ,
1153 541 1226 600 et
1251 527 1545 623 perditis
1582 550 1887 624 quoque
1912 553 1991 603 ac
2028 549 2181 606 tur-

228 641 450 733 pibus
480 641 656 712 recti
689 640 1086 718 similitudo
1127 655 1251 710 est.
1293 639 1407 712 Sic
1444 640 1801 714 mentitur
1829 645 2181 744 prodigus

230 753 641 841 liberalem3
681 776 916 848 quum
943 753 1344 846 plurimum
1375 752 1683 841 intersit,
1719 771 1969 827 utrum
2017 758 2180 849 quis

233 861 408 932 dare
458 863 667 951 sciat,
714 887 802 932 an
857 885 1127 934 servate
1176 863 1460 932 nesciat.
1516 857 1778 951 Multi,
1830 864 2179 988 inquam,

230 987 450 1060 sunt,
497 969 770 1061 Lucili,
815 976 945 1067 qui
989 997 1142 1044 non
1193 973 1512 1058 donant,
1566 973 1695 1042 sed
1740 974 2171 1068 pmiiciunt3

230 1101 389 1153 non
439 1107 628 1155 voco
677 1105 812 1180 ego
848 1082 1215 1153 liberalem
1239 1133 1261 1170 ‚
1314 1083 1665 1174 pecuniae
1702 1104 1867 1154 suae
1894 1085 2181 1156 iratum.

227 1190 566 1262 Imitatur
614 1191 1042 1293 negligentia
1099 1192 1557 1280 facilitatem,
1619 1194 1975 1264 temeritas
2031 1194 2182 1266 for·-

231 1302 650 1374 titudinem.
719 1303 914 1373 Haec
955 1325 1085 1372 nos
1124 1303 1521 1373 similitudo
1560 1302 1793 1401 coegit
1830 1301 2183 1376 adtende·

233 1437 344 1501 re,
387 1434 464 1486 et
511 1415 946 1510 distinguere
995 1412 1232 1507 specie
1275 1413 1577 1507 quidem
1618 1415 1892 1501 vicina,
1936 1433 2015 1485 re
2052 1439 2183 1485 au-

237 1537 386 1594 tem
433 1525 836 1617 plurimum
874 1524 1062 1595 int-er
1101 1547 1172 1593 se
1210 1523 1640 1594 dissidentia.
1685 1524 1885 1594 Dum
1935 1523 2182 1594 obser·

231 1652 482 1706 vanius
511 1655 670 1721 eos,'
706 1657 890 1727 quos
925 1634 1232 1732 insignes
1255 1635 1622 1732 egregium
1656 1659 1841 1728 opus
1881 1635 2179 1722 fecerat,
2285 1690 2291 1698 .

230 1743 606 1837 coepimus
648 1746 1038 1833 adnotare,
1080 1745 1242 1838 quis
1277 1740 1431 1815 rem
1469 1746 1789 1838 aliquam
1829 1766 2177 1843 generoso

230 1853 478 1923 animo
513 1852 784 1924 fecisset
821 1872 892 1926 et
923 1875 1187 1952 magno
1212 1853 1517 1947 impetu.
1559 1853 1701 1926 Sed
1729 1857 1950 1926 semel
1979 1855 2178 1928 hunc

227 1964 548 2036 vidimus
573 1966 649 2035 in
683 1966 879 2036 bello
922 1965 1184 2036 fortem
1211 2019 1234 2052 ‚
1277 1966 1353 2035 in
1382 1965 1543 2037 foro
1576 1964 1963 2052 timidum3
2022 1968 2178 2036 ani-

225 2096 430 2147 mose
452 2089 952 2173 paupertatem
981 2078 1359 2166 ferentem,
1385 2078 1751 2148 humiliter
1769 2078 2171 2149 infamiam:

223 2185 498 2261 factum
532 2190 1024 2277 laudavimus,
1073 2189 1587 2265 contemsimus
1620 2190 1881 2260 virum.
1925 2187 2175 2259 Alium

225 2297 544 2369 vidimus
571 2301 904 2370 adversus
930 2298 1196 2372 amicos
1222 2297 1660 2395 benignum,
1692 2297 2027 2368 adversus
2053 2297 2182 2366 ini·

224 2407 452 2479 micos
491 2426 974 2504 temperatum
998 2460 1019 2495 ,
1073 2428 1146 2480 et
1181 2408 1475 2501 publica
1518 2422 1591 2478 et
1628 2409 1900 2502 privata
1933 2422 2177 2478 sancte

225 2506 299 2585 ac
325 2516 657 2611 religiose
687 2516 1347 2601 administrantem3
1384 2538 1535 2585 non
1572 2512 1810 2586 deesse
1836 2514 1899 2585 ei
1928 2515 2000 2585 in
2029 2513 2133 2583 his
2152 2554 2177 2602 ,

227 2640 415 2718 quae
459 2627 827 2698 toleranda
875 2642 1074 2697 erant
1101 2678 1122 2714 ‚
1161 2627 1629 2719 patientiam,
1690 2626 1763 2695 in
1806 2626 1949 2713 his,
1990 2646 2176 2717 quae

225 2735 544 2832 agenda,
577 2736 1080 2830 prudentiam:
1131 2737 1483 2823 vidimus,
1539 2735 2175 2825 ubitribuendum
2274 2797 2288 2805 .

229 2860 444 2932 esset,
499 2849 714 2938 plena
769 2869 987 2915 manu
1039 2845 1383 2931 dantem3
1444 2845 1591 2920 ,ubi
1640 2845 2174 2933 laborandum,
2256 2882 2259 2887 ·

229 2956 672 3047 pertinacem
709 2975 778 3027 et
807 2956 1216 3028 obnoxium
1240 3009 1260 3043 ‚
1295 2975 1368 3027 et
1399 2957 1889 3029 lassitudinem
1916 2981 2178 3050 corpo-

227 3064 312 3134 ris
337 3066 593 3137 animo·
624 3068 1144 3138 sublevantem.
1187 3067 1551 3140 Praeterea
1578 3069 1771 3140 idem
1810 3088 1959 3139 erat
1988 3092 2179 3138 serna-

229 3194 404 3266 per,
447 3190 524 3246 et
552 3178 626 3247 in
665 3176 866 3247 omni
903 3198 1067 3249 actu
1113 3200 1237 3273 par
1281 3180 1449 3265 sibi;
1504 3180 1644 3251 iam
1686 3204 1836 3252 non
1876 3182 2175 3251 consilio

229 3286 468 3358 bonus
493 3342 513 3376 ‚
554 3289 678 3357 sed
723 3314 926 3359 more
964 3314 1052 3359 eo
1081 3289 1515 3383 perductus,
1564 3309 1849 3365 utnon
1884 3310 2175 3362 tantum

227 3418 420 3471 recte
461 3398 690 3471 facere
739 3420 1009 3493 posset,
1062 3402 1228 3488 sed,
1274 3403 1405 3471 >nisi
1452 3422 1685 3491 recte,
1738 3403 1965 3475 facere
2021 3423 2176 3475 non

149 3497 156 3506 ¹
231 3529 484 3603 posset.
531 3512 1028 3583 Intelleximus
1055 3512 1130 3582 in
1167 3514 1294 3583 illo
1324 3512 1717 3606 perfectam
1749 3538 1891 3584 esse
1922 3512 2179 3585 Virtu-

234 3636 402 3693 tem.
430 3623 639 3694 Hanc
670 3624 743 3693 in
765 3642 998 3719 partes
1031 3618 1461 3713 divisimus?
1482 3622 1867 3718 oportebat
1894 3621 2200 3716 cupidi-l

231 3744 404 3802 tates
430 3734 805 3823 refrenari,
851 3754 1088 3807 metus
1123 3734 1481 3830 conprimi
1510 3786 1532 3823 ,
1570 3732 1891 3804 facienda
1933 3735 2181 3828 provi·

231 3842 428 3938 deri,
465 3846 839 3921 reddenda
868 3847 1233 3922 distribui:
1285 3846 1949 3943 conprehendimus
1990 3864 2179 3921 tem·-
