2759 4825
740 355 1558 451 PRAEFArla
1991 409 2222 475 255s

262 528 581 615 Nuperam
608 528 907 612 Ruhkopfii
928 526 1199 591 editionem
1224 524 1582 592 consta-nter
1601 548 1638 591 a
1667 550 1766 594 me
1797 531 1984 597 fuisse
2009 535 2106 597 in·-

184 639 460 705 spectam
480 670 501 700 ,
555 623 637 685 nil
684 642 839 706 opus
870 638 967 685 est
995 668 1016 697 ‚
1052 638 1143 685 -ut
1192 624 1508 705 conceptis
1553 626 1768 689 verbis-
1800 628 2104 710 profitear.

182 718 339 801 Qua
372 719 451 781 de
490 716 759 779 editione
806 716 929 779 hoc
960 716 1104 777 loco
1144 712 1438 778 iudicium
1473 716 1862 799 interponere
1901 738 2104 783 meum

182 830 319 875 non
354 821 769 892 praesumam:
808 807 967 871 inter
984 806 1145 869 illam
1180 822 1243 869 et
1278 822 1550 869 nostram
1591 807 1806 891 (quod
1835 810 1912 871 ad
1940 809 2110 875 Con.

186 914 401 968 textus
430 900 933 967 constitutionem
968 900 1275 987 pertinet)
1314 902 1463 983 quid
1503 904 1742 982 intersit
1758 950 1778 980 ‚
1829 905 2102 971 eruditus

186 1016 545 1083 aequusque
594 996 815 1059 lector
831 1042 852 1073 ,
900 996 1171 1059 Senecae
1218 998 1411 1060 nostri
1459 998 1762 1063 studiosus
1777 1046 1802 1077 ‚
1827 1014 1834 1023 ·
1855 1001 1988 1063 sive
2029 1021 2107 1065 ex

188 1095 515 1173 utriusque
550 1093 713 1154 inter
742 1110 809 1154 se
840 1092 1201 1166 collatione,
1234 1090 1365 1153 sive
1401 1108 1478 1152 ex
1519 1091 1610 1153 his
1625 1135 1644 1165 ,
1683 1112 1842 1174 quae
1881 1095 1944 1155 in
1981 1096 2040 1157 N
2042 1115 2111 1159 o.

188 1192 269 1254 tis
298 1189 533 1253 nostris
574 1187 934 1253 adferuntur
948 1234 969 1265 ,
1012 1188 1438 1250 aestimaverit.
1471 1186 1626 1249 illud
1668 1188 1910 1253 interim
1945 1191 2112 1275 inge·-

190 1300 317 1346 nue
358 1276 689 1363 profiteor,
728 1279 1001 1362 gavisum
1044 1296 1145 1340 me
1180 1296 1315 1343 esse
1353 1279 1558 1342 multis
1591 1280 1798 1361 probis
1827 1281 2112 1345 lectioni·

192 1376 309 1442 bus
342 1374 409 1439 in
439 1388 797 1437 contextum
830 1392 867 1433 a
890 1375 1203 1457 Ruhkopfto
1238 1374 1458 1456 passim
1495 1373 1796 1455 receptis3
1829 1374 1980 1437 alias
2003 1377 2112 1439 do-

191 1468 377 1531 luisse
396 1511 417 1543 ,
462 1484 673 1549 parum
719 1464 979 1527 feliciter
1014 1466 1133 1547 (ut
1160 1465 1305 1527 mihi
1342 1463 2111 1551 videbatur)vadoptatas;

192 1558 451 1642 plurima
474 1577 629 1621 vero
652 1557 791 1619 loca
814 1556 1037 1619 intacta
1070 1557 1321 1631 relicta,
1344 1556 1566 1638 quibus
1585 1554 1746 1617 haud
1773 1556 1956 1619 dubie
1979 1576 2113 1623 cor·

192 1651 391 1733 ruptis
424 1664 693 1733 paratam
732 1647 1087 1711 medicinam
1127 1646 1468 1711 offerebant
1507 1664 1619 1711 eae
1655 1650 1907 1730 copiae,
1951 1669 2115 1731 quae

192 1740 461 1816 Editori,
490 1760 677 1823 quum
704 1740 967 1803 Senecae
993 1740 1295 1824 Epistolas
1324 1756 1833 1823 recognosceret,
1865 1760 2111 1857 praesto
2211 1798 2228 1811 ,

194 1834 476 1911 fuerant,
498 1853 563 1898 et
587 1836 867 1899 miratum
898 1846 1032 1898 esse
1066 1850 1131 1899 et
1163 1853 1343 1918 aegre
1370 1834 1600 1899 tulisse.

276 1926 423 1991 Istis
458 1926 681 2010 igitur,
712 1946 869 2010 quae
905 1928 1197 1991 hactenus
1224 1928 1519 2011 exposui,
1561 1946 1748 2037 quum
1783 1930 2116 1995 instructus

194 2040 397 2085 essem
430 2021 779 2132 praesidiis,
812 2021 961 2085 nihil
1002 2022 1187 2105 magis
1222 2021 1548 2085 habueram
1589 2023 1656 2083 in
1684 2023 1893 2099 votis,
1929 2044 2112 2106 quam

197 2134 273 2181 ut
290 2119 439 2181 satis
464 2118 577 2180 otii
610 2118 757 2179 mihi
788 2132 1171 2199 superesset,
1198 2134 1329 2197 quo
1356 2132 1619 2192 cuncta,
1665 2134 1826 2198 quae
1852 2117 1924 2179 ad
1955 2118 2115 2181 iudi·

198 2210 457 2273 eandam
492 2228 702 2273 veram
739 2209 1181 2293 genuinamque
1214 2210 1482 2271 auctoris
1521 2208 1884 2291 scripturam
1929 2215 2118 2293 perti-

196 2302 455 2379 nerent,
492 2302 833 2366 minutatim
868 2316 1194 2376 excutere,
1236 2318 1299 2363 et
1320 2318 1396 2362 ea
1427 2318 1550 2383 qua
1573 2320 1684 2383 par
1705 2318 1836 2365 erat
1861 2303 2114 2387 diligen·-

202 2399 291 2461 tia
312 2398 687 2482 perpendere
714 2415 977 2481 possem.
1010 2394 1129 2458 Sed
1166 2396 1371 2472 enim,
1418 2395 1561 2460 hinc
1599 2398 1954 2480 urgentibus
1989 2398 2118 2464 aliis
2236 2415 2240 2420 ’

200 2492 748 2576 occupationibus,
780 2508 854 2552 ac
890 2491 1145 2554 subinde
1177 2492 1357 2554 etiam
1397 2491 1766 2575 impediente
1795 2492 2117 2572 oculorum

204 2585 558 2659 debilitate,
602 2582 763 2645 illinc
796 2583 1170 2665 typotheta’
1156 2601 1456 2661 instante,
1499 2600 1565 2646 et
1596 2585 1966 2648 elaboratam
1999 2605 2120 2648 ma·
2203 2599 2216 2606 ·

207 2681 423 2743 teriam
448 2679 759 2762 flagitante
794 2678 960 2760 typis
988 2677 1477 2755 exscribendam,
1505 2678 1962 2766 deproperanda
1985 2682 2122 2763 ple-

206 2789 467 2855 rumque
490 2787 681 2854 opera
717 2767 868 2843 fuit,
893 2787 963 2831 ut
1002 2768 1257 2833 multum
1284 2771 1446 2834 intra
1477 2770 1860 2832 voluntatem
1891 2771 2120 2834 substi-

206 2865 353 2927 terit
400 2860 673 2942 effectus.
718 2861 927 2944 Quod
966 2880 1037 2924 ut
1074 2862 1205 2943 ipse
1253 2881 1620 2946 magnopere
1663 2863 1882 2937 doleo,
1929 2864 2018 2926 sic
2061 2863 2119 2926 id

206 2955 376 3037 quod
400 2973 439 3016 a
462 2954 637 3018 nobis
662 2954 1014 3038 praestitum
1044 2970 1137 3018 est
1160 2999 1181 3030 ,
1214 2955 1662 3038 qualecumque
1699 2954 1849 3019 illud
1875 2954 1952 3018 sit
1968 3001 1988 3029 ‚
2017 2974 2121 3020 ae-

206 3047 317 3130 qui
340 3047 608 3131 bonique
630 3048 904 3110 consulat
933 3047 1238 3110 studiosus
1276 3047 1496 3110 Lector
1521 3048 1722 3112 velim.

224 3139 227 3142 ’
307 3141 517 3224 Atque
554 3139 649 3204 his
674 3141 757 3203 ita
782 3135 1155 3226 praemissiS,
1187 3141 1332 3203 nihil
1371 3141 1571 3203 habeo
1598 3161 1725 3226 quo
1757 3161 1958 3205 morer
1990 3162 2122 3206 am-

212 3232 369 3316 plius
397 3232 755 3310 Iactorem3
794 3232 912 3296 nisi
937 3231 1105 3316 quod
1136 3233 1213 3294 de
1226 3229 1610 3316 'orthographia
1626 3281 1652 3308 ,
1687 3253 1868 3316 quam
1897 3234 1998 3298 vel
2024 3255 2124 3300 co-

210 3329 379 3392 dices
408 3329 605 3394 nostri
636 3342 848 3390 tenent
866 3373 887 3405 ,
920 3326 1023 3390 vel
1060 3347 1239 3410 quam
1276 3345 1394 3391 nos
1418 3328 1481 3388 in
1513 3328 1698 3391 huius
1719 3328 1998 3390 editionis
2023 3345 2126 3390 ex-

214 3421 417 3506 emplo
450 3420 873 3484 securisumus
892 3465 913 3494 ,
949 3417 1220 3482 nonnihil
1238 3419 1440 3482 adhuc
1463 3421 1528 3480 in
1549 3418 1894 3492 universum
1915 3418 2125 3478 dicen-
2250 3460 2255 3468 ,

216 3515 357 3577 dum
396 3513 542 3576 mihi
573 3513 915 3597 intelligam.
957 3511 1197 3576 Scilicet
1225 3514 1484 3596 primum
1502 3558 1521 3587 ,
1573 3511 1642 3572 in‘
1655 3527 1741 3572 =ea
1775 3511 2127 3574 scribendo-

218 3625 351 3669 rum
380 3605 714 3669 verborum
755 3605 1028 3678 ratione,
1065 3621 1187 3685 qua
1208 3617 1478 3666 'utuntur
1511 3603 1750 3664 codices
1787 3603 1957 3664 mssti
1997 3605 2128 3686 qui-

218 3697 332 3762 bus
370 3697 639 3763 Senecae
673 3695 977 3782 Epistolae
1022 3697 1445 3772 continentur,
1494 3696 1911 3780 (vemstiores
1944 3716 2128 3780 prae-

218 3795 427 3860 sertim
440 3839 465 3873 ,
498 3811 571 3860 ut
590 3793 730 3882 Arg.
757 3818 813 3860 a.
850 3809 913 3890 et
948 3794 1001 3856 b.
1028 3808 1094 3857 et
1126 3790 1377 3859 parisini
1417 3811 1574 3876 quos
1602 3789 1972 3858 Emmericus
2005 3810 2127 3858 ηοσ-
