2759 4825
616 348 753 437 ’ω’
1158 354 1976 423 PRAEFATIO.

616 518 775 586 quae
806 498 883 563 ad
920 514 1037 565 nos
1070 514 1514 581 pervenerunt,
1551 496 1754 581 plures
1785 496 1984 561 adhuc
2015 494 2200 573 alins,
2239 515 2407 581 quae
2428 514 2540 584 ᾳ-

616 608 803 659 tatem
836 608 965 657 non
1004 590 1290 655 tulerunt.

699 683 799 746 Ad
821 680 1261 757 vetustissimas
1288 681 1436 747 istas
1477 680 1852 745 membranas
1877 682 2015 763 Arg.
2036 703 2092 745 a.
2129 694 2194 743 et
2221 694 2430 745 aetate
2467 694 2539 743 et

617 776 849 860 reliqua
873 774 1235 859 praestantia
1250 774 1528 857 proxime
1545 774 1836 839 accedere
1870 772 2002 836 illae
2023 773 2311 841 videntur
2327 820 2352 851 ,
2375 794 2538 859 quas

617 876 735 939 hac
766 871 1215 953 designatione,
1248 870 1432 952 Anapi.
1463 869 1568 933 vel
1597 892 1702 933 m.
1729 870 1920 951 Ampl.
1933 916 1960 945 ,
1993 870 2294 953 insignivi.
2330 872 2534 937 Nem-

618 986 699 1054 pe
734 964 1267 1047 Amploaianum
1303 962 1528 1023 codicem
1561 960 1744 1044 (quia
1782 962 1847 1025 in
1881 961 2294 1045 Amploniano
2331 963 2533 1027 cone-

619 1062 725 1145 gio
766 1056 1078 1121 Erfordiae
1130 1054 1520 1137 asservatur)
1573 1054 1992 1119 nominaverat
2035 1053 2178 1119 clar.
2213 1056 2486 1120 Matthiae
2503 1078 2533 1131 ,ε

620 1156 741 1240 qui.
762 1170 947 1236 quum
991 1168 1187 1213 totum
1219 1168 1357 1213 cum
1399 1148 1724 1232 exemplari
1765 1148 2098 1233 Bipontino
2134 1150 2530 1227 contulisset,

612 1249 876 1329 eiusque
921 1245 1119 1309 varias
1161 1242 1476 1305 Lectiones
1514 1261 1648 1305 cum
1685 1240 2042 1327 Ruhkopfio
2079 1244 2530 1311 communicas-

622 1358 753 1415 set,
784 1338 931 1401 mihi
969 1354 1217 1419 quoque
1233 1382 1253 1413 ,
1299 1335 1640 1420 speciminis
1675 1334 1857 1411 loce,
1897 1336 2162 1401 lectiones
2189 1360 2260 1401 ex
2301 1330 2533 1423 quatuor

615 1434 875 1519 prioribus
898 1431 1157 1513 Epistolis
1190 1448 1458 1513 excerptas
1500 1429 1704 1509 ultro
1689 1431 2042 1514 impertivit.
2085 1432 2262 1497 Plura
2295 1454 2332 1497 a
2367 1436 2528 1498 Viro

619 1527 1059 1595 humanissimo
1096 1540 1311 1605 rogate
1342 1502 1536 1607 pudor
1563 1541 1662 1585 me
1689 1523 1889 1587 vetuit
1905 1566 1928 1597 ,
1949 1526 2234 1608 quamvis
2259 1527 2404 1591 talia
2433 1543 2536 1589 ee·

620 1639 760 1687 sent
792 1617 1147 1703 specimina,
1191 1630 1262 1677 ut
1290 1615 1641 1680 incredibile
1675 1612 2046 1697 reliquorum
2073 1620 2348 1681 omnium
2377 1617 2534 1711 desi-

622 1715 855 1781 derium
894 1710 1215 1775 debuerint
1254 1706 1522 1785 adferre,
1569 1728 1757 1797 quum
1801 1712 2156 1792 praesertim
2185 1730 2308 1777 ιιι.
2335 1706 2535 1797 priores

623 1808 899 1891 Epistola
928 1802 1032 1867 illo
1056 1802 1267 1866 codice
1298 1804 1763 1878 contineantur,
1800 1819 2054 1886 quarum
2076 1807 2258 1890 longe
2281 1805 2536 1890 plurima

622 1921 762 1989 pars
786 1902 847 1963 in
884 1896 1296 1960 vetustissimo
1334 1912 1548 1959 nostro
1581 1896 1971 1964 desideratur.
1995 1914 2020 1953 ι

704 1989 991 2073 Sequitur
1012 1988 1196 2051 codex
1214 2004 1389 2049 noster
1407 1991 1546 2069 Arg.
1559 1990 1610 2052 b.
1643 1988 2132 2055 membranaceus
2151 2007 2220 2055 et
2249 1990 2428 2077 ipse,
2449 1990 2542 2055 fo-

620 2085 717 2151 liis
744 2098 1029 2147 constans
1057 2098 1299 2143 centum
1332 2080 1724 2165 quadraginta
1753 2102 1898 2160 sex,
1945 2084 2180 2149 formae
2207 2076 2545 2171 quadratae

622 2176 806 2261 paulo
848 2173 1117 2237 minoris.
1148 2174 1486 2237 Luculenta
1525 2176 1820 2259 scriptura
1837 2220 1857 2251 ,
1909 2176 1989 2239 ad
2029 2175 2356 2241 Gothicam
2403 2177 2546 2258 qui-

622 2272 764 2335 dem
796 2285 955 2353 quae
992 2285 1251 2330 vocatur
1276 2267 1498 2339 leviter
1523 2267 1851 2351 inclinans,
1893 2268 2166 2333 seculum
2193 2270 2399 2353 prodit
2418 2288 2546 2333 un·-

622 2364 924 2428 decimum
973 2359 1073 2424 vel
1114 2360 1561 2424 duodecimum.
1603 2361 1830 2426 Probus
1878 2363 2112 2440 codex,
2157 2366 2264 2448 qui
2305 2381 2370 2428 et
2413 2364 2544 2448 ipse

625 2460 952 2544 plurimum
976 2456 1153 2522 nobis
1182 2455 1255 2518 ad
1278 2457 1707 2520 emendandam
1745 2459 2052 2544 vulgatam
2077 2475 2218 2522 ante
2255 2479 2371 2524 nos
2397 2459 2546 2522 scri·
2569 2527 2584 2533 ,

625 2568 867 2638 pturam
894 2549 1187 2626 contulit,
1208 2549 1504 2633 Epistolas
1526 2551 1670 2614 olim
1711 2552 1958 2617 videtur
1987 2568 2337 2617 Lxxxvux.
2369 2571 2546 2616 com-

624 2645 1049 2732 prehendisse:
1076 2643 1220 2722 sed,
1244 2646 1742 2727 quaternionibus
1771 2648 2046 2731 aliquot
2031 2667 2150 2710 iam
2174 2647 2408 2730 pridem
2435 2647 2550 2710 de-

625 2739 908 2826 perditis,
940 2737 1163 2802 desinit
1200 2738 1431 2802 hodie
1415 2757 1478 2801 m
1507 2741 1708 2805 verbis
1733 2741 1986 2816 illis,1n
2019 2742 2338 2804 camarinen
2371 2758 2552 2802 auum

625 2835 753 2898 Ιιιιίε
772 2831 1012 2916 affectum
1023 2849 1225 2896 summa
1246 2831 1532 2914 infeficitas
1557 2853 1737 2918 urget;
1771 2853 1928 2918 quae
1953 2835 2284 2920 leguntur
2268 2853 2332 2896 m
2351 2822 2550 2920 Epist.

629 2943 878 2991 Lxxxx.
910 2947 969 3010 p.
995 2947 1145 3009 302,
1176 2947 1238 3007 7.
1263 2941 1507 2990 nostrae
1533 2928 1672 2992 edit.
1725 2928 1842 2990 Sed
1871 2945 1949 2996 ne
1971 2930 2034 2990 in
2061 2929 2266 2992 medio
2296 2929 2548 3011 quidem

628 3022 1069 3102 usquequaque
1103 3019 1337 3102 integer
1370 3035 1500 3083 est:
1541 3038 1678 3083 nam
1694 3066 1715 3098 ,
1757 3041 1942 3104 quum
1969 3023 2408 3106 quaterniones
2447 3025 2550 3087 vi-

630 3113 781 3198 ginti
812 3111 959 3176 olim
992 3111 1343 3194 complexus
1368 3129 1559 3190 esset,
1587 3131 1700 3178 suo
1731 3133 2034 3198 quemque
2055 3134 2312 3180 numero
2349 3116 2554 3199 signa·

632 3225 763 3272 tum
780 3250 799 3281 ‚
840 3204 1059 3268 desunt
1090 3223 1165 3268 ex
1212 3206 1300 3270 eis
1336 3206 1516 3268 hodie
1553 3207 1676 3272 duo
1692 3253 1713 3284 ,
1759 3209 2110 3272 undecimus
2139 3224 2204 3272 et
2243 3209 2552 3274 duodeci-

632 3316 800 3372 mus,
832 3295 1101 3382 foliaque
1138 3296 1295 3359 adeo
1322 3297 1584 3360 sedecim
1623 3300 2059 3363 interciderunt
2075 3321 2098 3375 3
2133 3298 2356 3382 quibus
2388 3318 2550 3362 con-

634 3390 935 3454 tinebatur
972 3387 1262 3472 quidquid
1298 3388 1359 3450 in
1397 3389 1709 3456 codicibus
1751 3393 1998 3477 integris
2033 3407 2098 3454 et
2137 3392 2200 3454 in
2235 3385 2546 3476 impressis

734 3555 757 3590 ι
790 3539 871 3590 De
902 3535 992 3587 ino
1028 3536 1195 3586 Codice
1226 3535 1546 3602 Amplom'aeno
1631 3557 1684 3608 p.
1701 3558 1736 3606 4
1754 3569 1780 3583 ·
1800 3539 1854 3595 6.
1877 3539 2008 3592 Illud
2025 3555 2178 3592 unum
2197 3535 2282 3590 hic
2302 3539 2547 3602 monebo,

637 3619 781 3686 plura
802 3619 935 3686 legas
950 3615 1003 3666 in
1017 3613 1296 3682 Ruhkopfii
1310 3614 1470 3668 Praef.
1484 3615 1546 3666 ad
1629 3619 1888 3673 diversum
1919 3635 2033 3671 esse
2063 3618 2196 3670 bunc
2227 3615 2456 3670 codicem
2480 3618 2545 3669 ab

635 3695 817 3751 Senec.
830 3697 954 3750 voi.
967 3695 1008 3749 1.
1024 3694 1147 3747 etin
1163 3691 1412 3746 Matthiae
1429 3695 1551 3748 Pro·
1630 3713 1694 3751 eo
1726 3701 1880 3751 codice
1903 3697 2218 3764 Effordiensi,
2250 3697 2403 3750 cuius
2433 3695 2536 3750 Le-

637 3781 903 3846 grammate
937 3776 1035 3830 iam
1070 3777 1273 3848 saepius
1305 3776 1538 3846 laudato,
1627 3777 1886 3834 ctionibus
1906 3777 2202 3834 Gronovius
2226 3794 2352 3834 usus
2371 3789 2508 3834 etat.
