2759 4825
695 398 814 457 ⁴0²
1118 372 1483 443 NOTAE
1536 374 1647 441 IN
1698 372 2185 483 SENECAE

689 522 752 586 di
777 521 1048 599 libidine,
1076 543 1194 588 suo
1219 524 1507 587 arbitratu
1533 523 1699 585 istam
1737 521 1997 598 invexit,
2026 536 2091 585 et
2124 518 2333 601 Lipeto
2356 536 2421 585 et
2442 519 2609 585 Gro-

689 606 880 667 novio
902 604 1146 689 aliisque
1165 606 1517 672 doctissimis
1540 602 1683 667 viris
1706 606 2015 684 probatam
2030 650 2051 679 ,
2090 620 2149 665 et
2170 620 2371 683 nuper
2411 604 2471 663 in
2512 604 2607 665 ed.

689 684 984 748 Matthiae
1013 690 1372 771 (postquam
1410 686 1621 749 merito
1642 704 1679 746 a
1718 682 2074 767 Ruhkopfio
2106 685 2421 764 repudiata
2461 682 2609 747 fuis-

686 764 824 850 set)
863 784 1246 830 revocatam:
1283 771 1687 851 adexpetendum
1706 810 1729 839 ,
1762 768 1903 849 quo'd
1938 768 2071 828 hono
2096 762 2353 847 eontingie
2369 786 2390 827 .-
2427 767 2603 846 quod,

686 866 806 911 enm
829 850 1020 909 bonum
1058 850 1318 945 consecuti
1339 870 1564 923 sumus,
1592 872 1697 910 non
1718 848 1915 942 petitus
1932 867 2045 911 etc.
2090 844 2210 907 Ubi
2237 845 2453 908 nescio
2472 846 2604 927 quid

681 930 2607 1103 ffiffizfflffimssafffflnz‘ssamiam&

681 1108 918 1155 crorum
949 1093 1214 1156 virorum
1237 1138 1260 1170 ,
1304 1092 1613 1155 inventum
1653 1091 1807 1155 istud
1836 1090 1948 1153 sibi
1988 1090 2301 1153 obtrusum
2338 1104 2465 1151 tam
2502 1108 2607 1151 ae·

537 1204 563 1235 s
679 1190 808 1267 quo
830 1172 1034 1237 animo
1069 1173 1442 1257 patientium.
1480 1172 1675 1249 Nam,
1718 1171 1833 1233 alia
1870 1188 1941 1234 ut
1979 1188 2205 1233 taceam
2241 1187 2481 1252 praeter
2510 1190 2605 1231 ra-

683 1268 908 1317 tionem
941 1254 1000 1316 b.
1029 1254 1070 1317 1.
1107 1271 1328 1325 mutata
1349 1300 1368 1329 ,
1405 1254 1471 1316 in
1497 1252 1797 1317 vocabulo
1834 1252 2105 1336 expetibile
2123 1298 2143 1325 ,
2180 1253 2346 1333 quod
2384 1271 2425 1313 a
2448 1270 2511 1313 se
2534 1250 2601 1312 fl·

682 1350 852 1397 ctum
889 1330 1110 1399 Seneca
1155 1334 1468 1418 profitetur
1482 1380 1502 1411 ,
1532 1335 1671 1417 quid
1703 1351 1794 1396 est
1825 1336 1991 1417 quod
2026 1332 2337 1395 desiderari
2377 1352 2602 1415 potue-

675 1413 802 1479 tit?
831 1432 932 1477 aut
959 1432 1356 1479 monstrosum
1379 1416 1523 1479 iilud
1558 1418 1959 1497 adexpetendum
1992 1414 2145 1476 unde
2180 1414 2414 1475 taudem
2456 1414 2605 1475 arri·

677 1498 810 1579 puit
843 1494 1163 1559 Muretus?
1193 1496 1417 1560 Scilicet
1452 1516 1730 1579 graecum
1760 1495 2012 1559 verbum
2033 1540 2053 1570 ,
2082 1496 2241 1578 quod
2274 1492 2372 1557 hic
2404 1512 2603 1577 respe-

679 1576 856 1641 nisset
875 1576 1090 1641 Seneca
1111 1622 1134 1654 ,
1165 1578 1366 1641 statuit
1380 1578 1481 1640 ine
1499 1577 1681 1641 fuisse
1704 1579 2105 1657 erp-empne,
2136 1592 2199 1637 et
2216 1594 2291 1637 cx
2312 1575 2433 1638 hoc
2466 1574 2604 1637 lati·-

557 1667 565 1675 ‘
605 1690 626 1705 κ
680 1676 840 1753 num·
865 1658 1140 1741 procudit
1173 1662 1573 1742 adexpeeendum
1588 1704 1613 1733 ,
1633 1661 1795 1743 quod
1812 1656 2068 1721 Senecae
2102 1656 2463 1719 obtruderet.
2491 1658 2607 1717 At·

677 1758 787 1837 ⁴¹¹·
813 1758 1027 1883 aazia
1044 1744 1727 1904 mmmm..
1736 1736 2602 1905 ‹253122322323032533
2632 1821 2642 1829 -

679 1918 955 1985 graecum
991 1900 1150 1965 istud
1185 1900 1549 1965 vocabulum
1590 1920 1702 1977 eo,
1745 1921 1872 1983 quo
1909 1899 2079 1975 vult,
2114 1898 2454 1983 significatu
2491 1919 2605 1963 oc-

671 1983 862 2045 currit
880 2028 903 2059 ,
948 1999 1056 2046 aut
1076 1982 1153 2045 ab
1182 1982 1310 2045 ullo
1336 1980 1576 2057 bomine
1602 2002 1701 2045 um
1748 2002 1881 2044 uam
1911 1997 2260 2062 usurpatum
2290 1984 2605 2065 reperitur.

677 2058 842 2127 ,Tum
867 2080 1049 2141 vero,
1087 2062 1138 2127 si
1176 2063 1278 2125 vel
1318 2084 1596 2145 umquam
1630 2083 1669 2127 a
1767 2080 2077 2125 raecorum
2110 2059 2314 2145 aliqu'o
2350 2080 2603 2145 usurpa·

679 2158 810 2206 tum
845 2142 1001 2207 istud
1023 2142 1387 2207 vocabulum
1413 2144 1803 2227 reperiretur,
1840 2162 1963 2207 non
1980 2161 2111 2204 erat
2140 2142 2282 2205 iilud
2316 2158 2517 2207 tamen
2546 2144 2603 2205 id

675 2223 842 2369 Ἐιοᾶ
871 2223 964 2287 bic
1001 2224 1064 2287 in
1086 2226 1289 2287 animo
1323 2225 1614 2288 habuerat
1642 2226 1883 2289 Seneca.
1909 2224 2067 2287 Nam
2090 2226 2307 2287 diserte
2326 2227 2454 2307 ipse
2475 2225 2561 2285 ait
2578 2270 2601 2301 ,

747 2324 983 2369 raecum
1022 2305 1166 2369 illud
1192 2306 1551 2370 vocabulum
1585 2306 1663 2368 ira
1696 2306 2015 2373 formatum
2036 2324 2163 2369 esse
2180 2351 2201 2381 ,
2236 2321 2301 2366 ut
2324 2310 2602 2389 expetendo

681 2384 804 2468 (τὸ
839 2386 1088 2471 nimii)
1119 2389 1449 2472 incerpon
1468 2407 1698 2450 eretur
1728 2409 1839 2451 una
1869 2385 2122 2467 syllaba.-
2162 2385 2327 2468 atqui
2363 2388 2427 2449 in
2458 2406 2603 2450 voc.

677 2471 1050 2550 apocopen-br
1068 2487 1192 2532 non
1205 2469 1514 2554 interposita
1530 2517 1555 2544 ,
1578 2471 1680 2532 sed
1697 2469 1995 2552 praeposita
2018 2484 2109 2531 est
2125 2471 2164 2530 's
2211 2467 2380 2530 llaba.
2404 2467 2601 2532 Grae·

681 2567 752 2612 ca
795 2568 953 2624 vox,
999 2569 1177 2634 quam
1219 2567 1555 2632 respexerat
1604 2550 1854 2624 Seneca,
1892 2550 2050 2611 haud
2088 2551 2165 2610 du
2212 2550 2268 2610 ie
2307 2548 2377 2610 ei
2418 2547 2440 2570 ‘
2478 2571 2603 2625 εμπ

682 2647 848 2692 erat:
891 2633 990 2693 cui
1027 2637 1267 2713 perapte
1296 2632 1619 2714 respondet
1653 2630 1898 2694 latinum
1934 2630 2231 2714 expetibile,
2262 2647 2299 2691 a
2328 2651 2371 2713 p
2414 2632 2603 2694 iloso-

679 2711 804 2794 pho
835 2727 1048 2776 nostro
1077 2711 1432 2775 formatum.
1512 2715 1554 2775 l.
1580 2711 1675 2774 28.
1714 2730 1765 2774 et
1797 2714 1961 2795 apud.
1982 2735 2036 2773 a.
2056 2733 2107 2774 c.
2123 2713 2206 2773 A.
2241 2710 2435 2774 Abest
2466 2713 2599 2775 vul·

679 2809 761 2874 go
787 2813 851 2857 ee.
930 2795 968 2855 L
999 2813 1094 2878 30.
1122 2795 1159 2855 h
1177 2816 1253 2856 oc
1275 2794 1567 2874 colligimus
1594 2809 1759 2855 recte
1780 2813 1885 2856 ms.
1907 2817 1963 2856 a.
1988 2793 2151 2855 eted.
2175 2793 2258 2855 A.
2278 2790 2599 2877 Perffiran

679 2875 810 2938 haec
835 2897 880 2938 e.
900 2879 975 2938 R.
1037 2877 1116 2938 sic
1137 2875 1310 2958 eollig.
1334 2875 1523 2956 vulgo
1544 2873 1672 2937 edd.
2212 2873 2227 2886 “

591 2989 598 2997 -
765 2957 933 3020 Pac.
963 2956 1092 3022 181.
1117 2961 1159 3018 l.
1186 2975 1240 3038 ς.
1267 2957 1562 3018 colentium.
1602 2957 1809 3017 aethera
1820 2953 2031 3034 adiecit
2048 2953 2255 3016 Ruhk.
2274 2970 2421 3023 cnm
2448 2974 2601 3016 non-

679 3035 854 3098 nullis
877 3037 1130 3100 Pinciani
1169 3053 1233 3099 et
1275 3036 1454 3100 Grut.
1488 3037 1795 3100 codicibus
1813 3081 1833 3111 ,
1880 3036 2099 3118 quibus
2134 3036 2364 3099 accedit
2394 3053 2604 3098 noster

567 3121 580 3142 '
679 3137 728 3177 e.
760 3133 824 3177 et
847 3115 946 3177 ed.
961 3119 1039 3178 A.
1073 3117 1503 3181 Adsumenmm
1537 3117 1729 3191 istud,
1766 3118 1979 3179 merito
2003 3117 2405 3198 improbatum
2429 3115 2603 3179 Gru-

683 3210 852 3271 tere,
879 3195 1110 3278 ignorat
1137 3216 1240 3258 me.
1260 3221 1315 3259 a.
1356 3217 1497 3261 cum
1524 3199 1614 3262 ed.
1636 3199 1713 3261 R.
1792 3200 1829 3258 Ι.
1854 3219 1914 3278 7.
1938 3215 1987 3259 et
2010 3199 2199 3263 bonum
2230 3219 2427 3281 sapere.
2461 3199 2601 3262 Ab·

683 3293 811 3339 erat
843 3277 1031 3361 vulgo
1057 3279 1241 3339 media
1269 3297 1418 3340 vox.
1502 3282 1538 3340 l.
1561 3301 1621 3362 9.
1657 3277 1999 3362 incipiamus,
2029 3298 2151 3341 non
2172 3279 2517 3360 incipiemus,
2540 3305 2596 3343 a.

680 3377 730 3421 c.
753 3361 827 3420 R.
846 3361 927 3430 A„
1009 3360 1052 3421 l.
1095 3359 1183 3421 16.
1215 3357 1260 3418 S
1291 3382 1409 3420 eras
1440 3379 1530 3429 me,
1539 3363 1796 3422 dicturum
1827 3381 1932 3420 non
1957 3379 2064 3422 esse
2075 3407 2098 3434 ,
2142 3361 2300 3422 aliud
2325 3377 2441 3423 etc.
2478 3359 2603 3424 Te·

676 3459 843 3502 mere
873 3459 1043 3522 speres
1071 3437 1204 3502 edd.
1295 3434 1507 3526 iim-sic
1544 3442 1738 3525 vulgo
1770 3441 2165 3524 distinguunt,
2198 3443 2386 3537 Spem
2404 3465 2485 3504 me
2512 3443 2600 3503 di·

683 3538 884 3582 cturum
899 3566 924 3594 ,
958 3543 1066 3584 non
1083 3542 1191 3580 esse
1207 3519 1364 3582 aliud
1382 3521 1497 3584 et'c.
1521 3521 1653 3584 Nos
1680 3523 1865 3586 secuti
1884 3539 2093 3602 sumus
2114 3522 2561 3586 distinctionem
2576 3569 2598 3598 ‚

680 3619 858 3682 quam
887 3603 1194 3682 praeivere
1225 3626 1282 3664 a.
1303 3618 1365 3662 et
1388 3605 1460 3663 R.
1541 3605 1582 3664 l.
1602 3622 1698 3664 ιο.
1718 3605 1839 3663 bene
1864 3605 2031 3665 valere
2051 3601 2344 3684 iadzffirens
2365 3620 2462 3664 est.
2499 3601 2599 3666 Sic

682 3683 755 3743 R.
779 3698 838 3743 et
853 3685 932 3744 A.
973 3683 1178 3764 Vulgo
1198 3701 1246 3745 et
1267 3683 1434 3743 valere
1454 3701 1564 3746 etc.
1611 3682 1837 3746 Omnia
1861 3685 1971 3746 ista
1998 3683 2213 3745 desunt
2228 3707 2281 3746 a.
2300 3701 2363 3746 et
2385 3704 2434 3745 c.
2459 3685 2601 3746 Alia

679 3762 822 3826 item
854 3763 1139 3826 nonnulla
1172 3781 1248 3824 ex
1285 3761 1450 3826 libris
1499 3763 1591 3826 hic
1612 3765 2022 3838 correximus3
2060 3781 2127 3826 ut
2158 3765 2199 3827 1.
2232 3765 2309 3828 26
2344 3783 2436 3847 sq.
2488 3766 2599 3844 Qui

673 3843 820 3926 sapit
840 3876 874 3892 -
894 3877 934 3896 ·-
962 3845 1056 3926 qui
1085 3845 1298 3928 sapiens
1318 3864 1426 3920 est,
1460 3864 1535 3909 ex
1561 3870 1617 3908 a.
1641 3869 1690 3910 c.
1705 3846 1785 3908 A.
1807 3846 1912 3910 ubi
1941 3847 2131 3930 vulgo
2157 3849 2595 3932 Quad--quod
