2759 4825
467 435 1276 510 EPISTOLA
1350 437 1769 520 xcvru.
1987 441 2075 542 83

129 608 416 680 licitate
437 611 902 700 suspensum!
953 607 1338 706 Fragilibus
1369 611 1699 682 innititur
1723 663 1745 700 ,
1783 614 1912 706 qui
1948 613 2079 687 ad·-

133 716 460 790 ventitio
493 719 718 787 laetus
751 733 855 787 est
882 744 900 786 ε
951 717 1178 789 exibit
1201 720 1541 816 gaudium
1562 772 1585 808 ‚
1626 724 1831 816 quod
1860 726 2083 798 intra·-

134 827 272 897 vit.
305 825 406 896 At
440 825 624 898 illud
649 847 738 896 ex
779 851 850 897 se
879 820 1158 916 orturss,
1203 829 1415 900 fidele
1454 831 1891 926 firmumque
1926 853 2079 927 est,

138 954 216 1007 et
263 939 556 1038 crescit,
605 954 678 1008 et
718 937 808 1008 ad
846 953 1249 1010 extremum
1297 963 1528 1034 usque
1586 946 2070 1036 prosequitur-t

138 1035 422 1146 cetera,
451 1071 768 1140 quorum
796 1048 1166 1122 admiratio
1193 1069 1296 1122 est
1321 1055 1537 1148 vulgo
1560 1103 1583 1139 ,
1618 1054 1695 1123 in
1726 1053 1917 1126 diem
1945 1057 2083 1129 bo-

138 1179 239 1228 na
277 1174 468 1228 sunt.
507 1195 581 1209 —
621 1157 830 1262 Quid
865 1159 1078 1256 ergo?
1120 1183 1268 1230 non
1300 1161 1455 1231 usui
1485 1183 1563 1230 ac
1590 1164 1945 1257 voluptati
1975 1192 2083 1238 es·

141 1289 222 1336 se
247 1265 608 1366 possunt?
649 1301 720 1318 --
767 1267 947 1370 Quis
979 1268 1234 1366 negat?
1275 1270 1397 1340 sed
1424 1269 1555 1358 ita,
1594 1271 1651 1340 si
1680 1271 1795 1342 illa
1826 1261 2083 1348 exno-

147 1375 264 1446 bis
288 1375 651 1468 pendent,
679 1399 828 1445 non
857 1391 956 1446 ex·
977 1377 1109 1447 illis
1137 1399 1284 1448 nes·
1327 1380 1597 1450 Omnia
1627 1403 1814 1474 quae
1847 1384 2083 1458 fortu-

147 1509 334 1557 nam
373 1486 786 1571 intuentur,
831 1485 924 1556 ita
961 1485 1314 1558 fructifera
1363 1511 1445 1560 ac
1488 1490 1798 1562 iucunda
1847 1493 2076 1582 fiunt,

149 1594 251 1681 si,
281 1593 415 1686 qui
454 1592 872 1679 habeuilla,
911 1617 982 1663 se
1029 1616 1330 1687 quoque
1358 1595 1632 1682 habet,
1690 1601 1923 1670 necin
1964 1625 2080 1672 re·—

152 1727 323 1774 rum
357 1723 652 1772 suarum
697 1718 1043 1800 potestate
1071 1717 1189 1772 est.
1247 1701 1496 1774 Errant
1535 1705 1770 1792 enim,
1810 1708 2078 1797 Lucili,

157 1813 294 1904 qui
323 1827 450 1884 aut
475 1810 658 1881 boni
683 1809 954 1904 aliquid
981 1811 1189 1882 nobis
1206 1863 1228 1899 ,
1267 1828 1393 1882 aut
1418 1815 1584 1882 mali
1613 1813 1928 1885 iudicant
1959 1817 2082 1886 tri-

155 1920 388 1992 buere
405 1919 801 1992 fortunam:
841 1919 1199 1993 materiam
1222 1917 1344 1990 dat
1367 1919 1728 1992 bonorum
1754 1945 1835 1990 ac
1852 1923 2081 1993 malo-

157 2056 323 2104 rum
346 2079 369 2118 ,
397 2049 472 2103 et
497 2031 698 2102 initia
721 2051 958 2102 rerum
983 2030 1180 2123 apud
1209 2045 1340 2100 nos
1368 2031 1443 2100 in
1472 2033 1741 2100 malum
1766 2030 2083 2104 bonum·

160 2167 246 2213 ve
271 2142 734 2216 exiturarum.
774 2141 1142 2214 Valentior
1167 2140 1358 2212 enim
1390 2141 1593 2211 omni
1618 2140 1903 2212 fortuna
1922 2144 2082 2214 ani-

160 2278 320 2326 mus
345 2270 490 2341 est3
529 2255 606 2325 in
640 2270 1015 2346 utramque
1046 2268 1320 2348 partem
1351 2251 1501 2346 ipse
1522 2276 1625 2322 res
1656 2277 1805 2322 suas
1832 2252 2079 2343 ducit,

161 2363 564 2458 beataeque
597 2385 678 2434 ac
718 2363 1000 2434 miserae
1054 2361 1242 2433 vitae
1276 2357 1416 2433 ’sibi
1452 2385 1649 2433 causa
1680 2379 1803 2433 est.
1848 2361 2083 2437 Malus

165 2472 408 2543 omnia
453 2473 530 2543 in
575 2471 845 2541 malum
878 2469 1123 2557 vertit,
1169 2469 1385 2539 etiam
1429 2492 1613 2561 quae
1642 2492 1809 2539 cum
1848 2473 2083 2563 specie

168 2580 427 2675 optimi
471 2594 864 2651 'venerantz
929 2596 1159 2650 rectus
1206 2593 1427 2671 atque
1479 2578 1747 2679 integer
1798 2582 2084 2681 corrigit
2163 2634 2171 2645 .

166 2715 376 2783 prava
399 2692 764 2776 fortunae,
793 2707 864 2761 et
885 2690 1058 2760 dura
1077 2704 1297 2782 atque
1311 2713 1543 2783 aspera
1570 2688 1837 2761 ferendi
1858 2693 2083 2765 scien·

165 2798 260 2869 tia
287 2798 570 2885 mollit3
602 2798 939 2890 idemque
972 2815 1046 2869 et
1077 2796 1385 2869 secunda
1412 2814 1607 2893 grate
1631 2800 1895 2891 excipit
1920 2826 2083 2871 mo·-

171 2909 566 3001 desteque,
608 2925 681 2978 et
707 2907 987 2979 adversa
1027 2922 1429 2980 constanter
1466 2932 1545 2979 ac
1578 2908 1868 2979 fortiter.
1920 2912 2083 3013 Qui

169 3018 344 3089 licet
368 3017 676 3109 prudens
693 3018 790 3099 ,it
812 3068 834 3106 ‚
875 3018 1040 3089 licet
1067 3034 1316 3092 exacto
1364 3017 1567 3089 faciat
1595 3036 1847 3091 cuncta
1888 3019 2081 3092 iudi-

172 3131 288 3202 cio
308 3182 330 3217 ‚
367 3132 538 3203 licet
568 3130 748 3201 nihil
775 3156 978 3224 supra
1021 3131 1196 3202 vires
1223 3156 1376 3201 suas
1413 3146 1683 3217 tentet3
1724 3156 1875 3202 non
1904 3130 2105 3205 cono.

175 3239 408 3335 tinget
433 3239 531 3309 illi
572 3239 846 3310 bonum
882 3241 1060 3313 illud
1096 3242 1491 3337 integrum,
1542 3258 1613 3311 et
1640 3222 1833 3311 extra
1860 3226 2083 3315 minae

172 3350 495 3446 positum
515 3403 539 3438 ,
591 3351 724 3423 nisi
772 3368 998 3425 certus
1049 3353 1372 3425 adversus
1420 3354 1679 3427 incerta
1736 3371 1857 3425 est.
1918 3352 2089 3424 Sive

173 3462 344 3533 alios
373 3462 748 3535 observare
771 3465 1072 3535 volueris
1087 3514 1107 3550 ,
1137 3464 1471 3558 (liberius
1490 3467 1679 3535 enim
1711 3467 1895 3566 inter
1920 3464 2091 3533 alie-

173 3594 270 3641 na
291 3568 655 3643 iudicium
680 3587 780 3643 est
801 3574 860 3666 ,)
887 3573 1030 3642 sive
1056 3590 1128 3643 te
1159 3574 1426 3667 ipsum,
1477 3572 1711 3642 favore
1734 3571 2042 3664 seposito
2062 3599 2091 3659 ς

173 3699 252 3752 et
287 3684 542 3754 senties
569 3682 762 3770 hoc‚‘
783 3698 853 3753 et
889 3681 1376 3768 confiteberi83
1427 3674 1605 3750 nihil
1636 3703 1727 3748 ex
1754 3678 1855 3746 his
1887 3696 2091 3772 opta-

173 3792 444 3865 bilibus
467 3810 545 3865 et
573 3792 742 3864 caris
765 3792 938 3863 utile
965 3817 1104 3864 esse
1123 3839 1148 3879 ‚
1188 3792 1318 3863 nisi
1345 3810 1419 3863 te
1446 3806 1688 3860 contra
1730 3786 2092 3859 levitatem
2166 3812 2173 3817 ·

177 3924 366 3975 casus
381 3952 407 3994 ,
432 3924 830 3996 rerumque
855 3924 1092 3973 casum
1115 3899 1575 3994 sequentium
1594 3946 1617 3986 ,
1651 3892 2093 3993 imtruxeris5
