<?xml version="1.0" encoding="UTF-8"?>
<!DOCTYPE html PUBLIC "-//W3C//DTD XHTML 1.0 Transitional//EN"
    "http://www.w3.org/TR/xhtml1/DTD/xhtml1-transitional.dtd">
<html xmlns="http://www.w3.org/1999/xhtml" xml:lang="en" lang="en">
 <head>
  <title>
</title>
<meta http-equiv="Content-Type" content="text/html;charset=utf-8" />
  <meta name='ocr-system' content='tesseract 3.04.00' />
  <meta name='ocr-capabilities' content='ocr_page ocr_carea ocr_par ocr_line ocrx_word'/>
</head>
<body>
  <div class='ocr_page' id='page_1' title='image "./lannaeisenecaea00bipogoog_0270.png"; bbox 0 0 2759 4825; ppageno 0'>
   <div class='ocr_carea' id='block_1_1' title="bbox 648 414 2130 493">
    <p class='ocr_par' dir='ltr' id='par_1_1' title="bbox 648 414 2130 493">
     <span class='ocr_line' id='line_1_1' title="bbox 648 414 2130 493; baseline 0 -8"><span class='ocrx_word' id='word_1_1' title='bbox 648 414 775 487; x_wconf 54' lang='lat'>3&#39;62</span> <span class='ocrx_word' id='word_1_2' title='bbox 1110 419 1467 487; x_wconf 75' lang='lat' dir='ltr'><strong>NOTAE</strong></span> <span class='ocrx_word' id='word_1_3' title='bbox 1519 418 1624 485; x_wconf 86' lang='lat' dir='ltr'>IN</span> <span class='ocrx_word' id='word_1_4' title='bbox 1677 416 2130 493; x_wconf 76' lang='lat' dir='ltr'><strong>SENECAE</strong></span> 
     </span>
    </p>
   </div>
   <div class='ocr_carea' id='block_1_2' title="bbox 661 558 2586 729">
    <p class='ocr_par' dir='ltr' id='par_1_2' title="bbox 661 558 2586 729">
     <span class='ocr_line' id='line_1_2' title="bbox 744 558 2586 648; baseline -0.002 -21"><span class='ocrx_word' id='word_1_5' title='bbox 744 565 1225 640; x_wconf 68' lang='lat' dir='ltr'>Anoomtuu,</span> <span class='ocrx_word' id='word_1_6' title='bbox 1262 582 1419 647; x_wconf 78' lang='lat' dir='ltr'>quae</span> <span class='ocrx_word' id='word_1_7' title='bbox 1460 562 1705 645; x_wconf 82' lang='lat' dir='ltr'>singulis</span> <span class='ocrx_word' id='word_1_8' title='bbox 1752 560 2035 645; x_wconf 73' lang='lat' dir='ltr'>Epistolis</span> <span class='ocrx_word' id='word_1_9' title='bbox 2077 558 2548 648; x_wconf 77' lang='lat' dir='ltr'>praeposuimus</span> <span class='ocrx_word' id='word_1_10' title='bbox 2565 606 2586 637; x_wconf 88' lang='lat'><strong>,</strong></span> 
     </span>
     <span class='ocr_line' id='line_1_3' title="bbox 661 644 1732 729; baseline -0.003 -18"><span class='ocrx_word' id='word_1_11' title='bbox 661 644 875 711; x_wconf 71' lang='lat' dir='ltr'>Iustum·</span> <span class='ocrx_word' id='word_1_12' title='bbox 893 646 1130 729; x_wconf 75' lang='lat' dir='ltr'>Lipsium</span> <span class='ocrx_word' id='word_1_13' title='bbox 1153 645 1371 709; x_wconf 86' lang='lat' dir='ltr'>hahent</span> <span class='ocrx_word' id='word_1_14' title='bbox 1405 662 1732 709; x_wconf 85' lang='lat' dir='ltr'><strong>auctorem.</strong></span> 
     </span>
    </p>
   </div>
   <div class='ocr_carea' id='block_1_3' title="bbox 1347 774 1920 841">
    <p class='ocr_par' dir='ltr' id='par_1_3' title="bbox 1347 774 1920 841">
     <span class='ocr_line' id='line_1_4' title="bbox 1347 774 1920 841; baseline -0.005 0"><span class='ocrx_word' id='word_1_15' title='bbox 1347 774 1748 841; x_wconf 85' lang='lat' dir='ltr'>EPIST.</span> <span class='ocrx_word' id='word_1_16' title='bbox 1817 774 1920 838; x_wconf 89' lang='lat'>1.-</span> 
     </span>
    </p>
   </div>
   <div class='ocr_carea' id='block_1_4' title="bbox 602 875 2588 3968">
    <p class='ocr_par' dir='ltr' id='par_1_4' title="bbox 655 875 2587 1125">
     <span class='ocr_line' id='line_1_5' title="bbox 744 875 2585 959; baseline -0.001 -17"><span class='ocrx_word' id='word_1_17' title='bbox 744 884 939 945; x_wconf 82' lang='lat' dir='ltr'>Seneca</span> <span class='ocrx_word' id='word_1_18' title='bbox 968 876 1177 945; x_wconf 59' lang='lat' dir='ltr'>Lieffz&#39;lio</span> <span class='ocrx_word' id='word_1_19' title='bbox 1209 902 1309 943; x_wconf 82' lang='lat' dir='ltr'>suo</span> <span class='ocrx_word' id='word_1_20' title='bbox 1349 880 1632 940; x_wconf 79' lang='lat' dir='ltr'><em>Salutem!</em></span> <span class='ocrx_word' id='word_1_21' title='bbox 1675 875 2096 940; x_wconf 77' lang='lat' dir='ltr'>Salutationem</span> <span class='ocrx_word' id='word_1_22' title='bbox 2143 876 2314 939; x_wconf 80' lang='lat' dir='ltr'>istam</span> <span class='ocrx_word' id='word_1_23' title='bbox 2342 925 2362 954; x_wconf 89' lang='lat'>,</span> <span class='ocrx_word' id='word_1_24' title='bbox 2399 898 2585 959; x_wconf 82' lang='lat' dir='ltr'>quam</span> 
     </span>
     <span class='ocr_line' id='line_1_6' title="bbox 660 958 2587 1046; baseline -0.002 -19"><span class='ocrx_word' id='word_1_25' title='bbox 660 960 939 1046; x_wconf 72' lang='lat' dir='ltr'>ignorant</span> <span class='ocrx_word' id='word_1_26' title='bbox 966 964 1155 1046; x_wconf 82' lang='lat' dir='ltr'>vulgo</span> <span class='ocrx_word' id='word_1_27' title='bbox 1180 961 1319 1025; x_wconf 87' lang='lat' dir='ltr'>editi</span> <span class='ocrx_word' id='word_1_28' title='bbox 1339 1004 1359 1033; x_wconf 90' lang='lat'>‚</span> <span class='ocrx_word' id='word_1_29' title='bbox 1387 975 1728 1025; x_wconf 80' lang='lat' dir='ltr'>constanter</span> <span class='ocrx_word' id='word_1_30' title='bbox 1761 958 2040 1039; x_wconf 82' lang='lat' dir='ltr'>Epistolis</span> <span class='ocrx_word' id='word_1_31' title='bbox 2068 960 2346 1023; x_wconf 84' lang='lat' dir='ltr'>omnibus</span> <span class='ocrx_word' id='word_1_32' title='bbox 2375 961 2587 1024; x_wconf 85' lang='lat' dir='ltr'>inscri-</span> 
     </span>
     <span class='ocr_line' id='line_1_7' title="bbox 655 1040 1822 1125; baseline -0.002 -20"><span class='ocrx_word' id='word_1_33' title='bbox 655 1058 825 1125; x_wconf 73' lang='lat' dir='ltr'>ptam</span> <span class='ocrx_word' id='word_1_34' title='bbox 858 1044 1136 1108; x_wconf 81' lang='lat' dir='ltr'>exhibent</span> <span class='ocrx_word' id='word_1_35' title='bbox 1166 1042 1359 1107; x_wconf 77' lang='lat' dir='ltr'><strong>nostri</strong></span> <span class='ocrx_word' id='word_1_36' title='bbox 1395 1040 1562 1103; x_wconf 88' lang='lat' dir='ltr'>mssti</span> <span class='ocrx_word' id='word_1_37' title='bbox 1592 1064 1648 1105; x_wconf 82' lang='lat' dir='ltr'>a.</span> <span class='ocrx_word' id='word_1_38' title='bbox 1678 1057 1739 1102; x_wconf 88' lang='lat' dir='ltr'>et</span> <span class='ocrx_word' id='word_1_39' title='bbox 1769 1042 1822 1103; x_wconf 85' lang='lat' dir='ltr'>b.</span> 
     </span>
    </p>

    <p class='ocr_par' dir='ltr' id='par_1_5' title="bbox 664 1119 2588 1447">
     <span class='ocr_line' id='line_1_8' title="bbox 745 1119 2586 1204; baseline -0.002 -17"><span class='ocrx_word' id='word_1_40' title='bbox 745 1126 873 1187; x_wconf 82' lang='lat' dir='ltr'>Lin.</span> <span class='ocrx_word' id='word_1_41' title='bbox 906 1144 956 1190; x_wconf 83' lang='lat'>1.</span> <span class='ocrx_word' id='word_1_42' title='bbox 993 1128 1082 1188; x_wconf 76' lang='lat' dir='ltr'>Ita</span> <span class='ocrx_word' id='word_1_43' title='bbox 1100 1122 1223 1204; x_wconf 79' lang='lat' dir='ltr'>fac.</span> <span class='ocrx_word' id='word_1_44' title='bbox 1278 1124 1534 1187; x_wconf 81' lang='lat' dir='ltr'>Temere</span> <span class='ocrx_word' id='word_1_45' title='bbox 1555 1120 1661 1201; x_wconf 70' lang='lat' dir='ltr'>fiac</span> <span class='ocrx_word' id='word_1_46' title='bbox 1691 1119 1893 1183; x_wconf 84' lang='lat' dir='ltr'>omisit</span> <span class='ocrx_word' id='word_1_47' title='bbox 1927 1139 2082 1183; x_wconf 89' lang='lat' dir='ltr'>unus</span> <span class='ocrx_word' id='word_1_48' title='bbox 2120 1138 2332 1184; x_wconf 87' lang='lat' dir='ltr'>noster</span> <span class='ocrx_word' id='word_1_49' title='bbox 2366 1121 2504 1203; x_wconf 81' lang='lat' dir='ltr'>Arg.</span> <span class='ocrx_word' id='word_1_50' title='bbox 2529 1124 2586 1183; x_wconf 83' lang='lat' dir='ltr'>b.</span> 
     </span>
     <span class='ocr_line' id='line_1_9' title="bbox 664 1201 2588 1288; baseline -0.002 -19"><span class='ocrx_word' id='word_1_51' title='bbox 664 1206 757 1269; x_wconf 79' lang='lat' dir='ltr'>Ita</span> <span class='ocrx_word' id='word_1_52' title='bbox 776 1205 879 1285; x_wconf 78' lang='lat' dir='ltr'>fiee</span> <span class='ocrx_word' id='word_1_53' title='bbox 908 1226 1024 1288; x_wconf 80' lang='lat' dir='ltr'>ergo</span> <span class='ocrx_word' id='word_1_54' title='bbox 1054 1207 1229 1267; x_wconf 84' lang='lat' dir='ltr'>habet</span> <span class='ocrx_word' id='word_1_55' title='bbox 1256 1206 1348 1266; x_wconf 90' lang='lat' dir='ltr'>ed.</span> <span class='ocrx_word' id='word_1_56' title='bbox 1383 1203 1564 1267; x_wconf 85' lang='lat' dir='ltr'>Rom.</span> <span class='ocrx_word' id='word_1_57' title='bbox 1593 1219 1656 1264; x_wconf 86' lang='lat' dir='ltr'>et</span> <span class='ocrx_word' id='word_1_58' title='bbox 1682 1202 1868 1263; x_wconf 80' lang='lat' dir='ltr'>Tarv.</span> <span class='ocrx_word' id='word_1_59' title='bbox 1909 1201 2256 1265; x_wconf 71' lang='lat' dir='ltr'>particulam</span> <span class='ocrx_word' id='word_1_60' title='bbox 2283 1204 2588 1283; x_wconf 85' lang='lat' dir='ltr'>importu-</span> 
     </span>
     <span class='ocr_line' id='line_1_10' title="bbox 666 1284 2586 1371; baseline -0.002 -22"><span class='ocrx_word' id='word_1_61' title='bbox 666 1304 742 1349; x_wconf 83' lang='lat' dir='ltr'>ne</span> <span class='ocrx_word' id='word_1_62' title='bbox 762 1288 1040 1348; x_wconf 84' lang='lat' dir='ltr'>intrusam</span> <span class='ocrx_word' id='word_1_63' title='bbox 1066 1288 1339 1371; x_wconf 79' lang='lat' dir='ltr'>ignorant</span> <span class='ocrx_word' id='word_1_64' title='bbox 1375 1284 1632 1365; x_wconf 77' lang='lat' dir='ltr'>reliquae</span> <span class='ocrx_word' id='word_1_65' title='bbox 1666 1284 1826 1345; x_wconf 81' lang='lat' dir='ltr'>editt.</span> <span class='ocrx_word' id='word_1_66' title='bbox 1861 1301 1998 1346; x_wconf 86' lang='lat' dir='ltr'>cum</span> <span class='ocrx_word' id='word_1_67' title='bbox 2041 1285 2234 1345; x_wconf 85' lang='lat' dir='ltr'>msstis</span> <span class='ocrx_word' id='word_1_68' title='bbox 2267 1285 2586 1359; x_wconf 85' lang='lat' dir='ltr'>omnibus,</span> 
     </span>
     <span class='ocr_line' id='line_1_11' title="bbox 666 1365 2587 1447; baseline -0.002 -20"><span class='ocrx_word' id='word_1_69' title='bbox 666 1367 771 1447; x_wconf 86' lang='lat' dir='ltr'>qui</span> <span class='ocrx_word' id='word_1_70' title='bbox 799 1367 877 1436; x_wconf 67' lang='lat' dir='ltr'>ad</span> <span class='ocrx_word' id='word_1_71' title='bbox 924 1368 1197 1429; x_wconf 81' lang='lat' dir='ltr'>notitiam</span> <span class='ocrx_word' id='word_1_72' title='bbox 1232 1382 1496 1429; x_wconf 85' lang='lat' dir='ltr'>nostram</span> <span class='ocrx_word' id='word_1_73' title='bbox 1538 1382 1958 1447; x_wconf 83' lang='lat' dir='ltr'>pervenerunt.</span> <span class='ocrx_word' id='word_1_74' title='bbox 2040 1366 2079 1426; x_wconf 87' lang='lat' dir='ltr'>l.</span> <span class='ocrx_word' id='word_1_75' title='bbox 2108 1384 2166 1425; x_wconf 85' lang='lat'>2.</span> <span class='ocrx_word' id='word_1_76' title='bbox 2203 1365 2587 1447; x_wconf 77' lang='lat' dir='ltr'>subripiebatur</span> 
     </span>
    </p>

    <p class='ocr_par' dir='ltr' id='par_1_6' title="bbox 614 1444 2586 1760">
     <span class='ocr_line' id='line_1_12' title="bbox 614 1444 2583 1529; baseline -0.002 -16"><span class='ocrx_word' id='word_1_77' title='bbox 614 1464 620 1471; x_wconf 85' lang='grc'><em>·</em></span> <span class='ocrx_word' id='word_1_78' title='bbox 664 1446 874 1529; x_wconf 70' lang='lat' dir='ltr'>scripsi</span> <span class='ocrx_word' id='word_1_79' title='bbox 898 1467 1032 1515; x_wconf 75' lang='lat' dir='ltr'>cum</span> <span class='ocrx_word' id='word_1_80' title='bbox 1062 1452 1203 1529; x_wconf 79' lang='lat' dir='ltr'>Arg.</span> <span class='ocrx_word' id='word_1_81' title='bbox 1236 1472 1293 1510; x_wconf 73' lang='lat' dir='ltr'>a.</span> <span class='ocrx_word' id='word_1_82' title='bbox 1324 1464 1386 1508; x_wconf 86' lang='lat' dir='ltr'>et</span> <span class='ocrx_word' id='word_1_83' title='bbox 1417 1450 1468 1507; x_wconf 85' lang='lat' dir='ltr'>b.</span> <span class='ocrx_word' id='word_1_84' title='bbox 1499 1465 1614 1527; x_wconf 84' lang='lat' dir='ltr'>pro</span> <span class='ocrx_word' id='word_1_85' title='bbox 1649 1444 1900 1527; x_wconf 80' lang='lat' dir='ltr'>vulgato</span> <span class='ocrx_word' id='word_1_86' title='bbox 1933 1444 2323 1527; x_wconf 75' lang='lat' dir='ltr'>surripiebaetur.</span> <span class='ocrx_word' id='word_1_87' title='bbox 2361 1445 2478 1507; x_wconf 87' lang='lat' dir='ltr'>Sed</span> <span class='ocrx_word' id='word_1_88' title='bbox 2513 1448 2583 1509; x_wconf 88' lang='lat' dir='ltr'>de</span> 
     </span>
     <span class='ocr_line' id='line_1_13' title="bbox 664 1526 2584 1623; baseline -0.001 -30"><span class='ocrx_word' id='word_1_89' title='bbox 664 1528 949 1597; x_wconf 85' lang='lat' dir='ltr'>universo</span> <span class='ocrx_word' id='word_1_90' title='bbox 987 1532 1108 1592; x_wconf 89' lang='lat' dir='ltr'>hoc</span> <span class='ocrx_word' id='word_1_91' title='bbox 1155 1546 1373 1623; x_wconf 76' lang='lat' dir='ltr'>genere</span> <span class='ocrx_word' id='word_1_92' title='bbox 1414 1526 1874 1607; x_wconf 83' lang='lat' dir='ltr'>orthographiae</span> <span class='ocrx_word' id='word_1_93' title='bbox 1899 1573 1918 1601; x_wconf 92' lang='lat'>,</span> <span class='ocrx_word' id='word_1_94' title='bbox 1951 1526 2116 1605; x_wconf 71' lang='lat' dir='ltr'>quod</span> <span class='ocrx_word' id='word_1_95' title='bbox 2160 1527 2219 1586; x_wconf 89' lang='lat' dir='ltr'>in</span> <span class='ocrx_word' id='word_1_96' title='bbox 2260 1527 2584 1591; x_wconf 83' lang='lat' dir='ltr'>scribendis</span> 
     </span>
     <span class='ocr_line' id='line_1_14' title="bbox 662 1605 2586 1757; baseline -0.002 -82"><span class='ocrx_word' id='word_1_97' title='bbox 662 1609 882 1757; x_wconf 46' lang='grc' dir='ltr'><strong>νετέἰς.</strong></span> <span class='ocrx_word' id='word_1_98' title='bbox 906 1608 1255 1693; x_wconf 68' lang='lat' dir='ltr'>compositis</span> <span class='ocrx_word' id='word_1_99' title='bbox 1290 1610 1477 1673; x_wconf 87' lang='lat' dir='ltr'>secuti</span> <span class='ocrx_word' id='word_1_100' title='bbox 1504 1628 1708 1673; x_wconf 86' lang='lat' dir='ltr'>sumus</span> <span class='ocrx_word' id='word_1_101' title='bbox 1725 1653 1745 1682; x_wconf 91' lang='lat'>‚</span> <span class='ocrx_word' id='word_1_102' title='bbox 1782 1626 1854 1671; x_wconf 84' lang='lat' dir='ltr'>ex</span> <span class='ocrx_word' id='word_1_103' title='bbox 1881 1606 2154 1693; x_wconf 86' lang='lat' dir='ltr'>professo</span> <span class='ocrx_word' id='word_1_104' title='bbox 2173 1608 2234 1669; x_wconf 89' lang='lat' dir='ltr'>in</span> <span class='ocrx_word' id='word_1_105' title='bbox 2263 1605 2586 1671; x_wconf 85' lang='lat' dir='ltr'>Praefatio·</span> 
     </span>
     <span class='ocr_line' id='line_1_15' title="bbox 665 1710 1039 1760; baseline -0.008 0"><span class='ocrx_word' id='word_1_106' title='bbox 665 1710 741 1760; x_wconf 70' lang='lat' dir='ltr'>ne</span> <span class='ocrx_word' id='word_1_107' title='bbox 808 1711 1039 1757; x_wconf 63' lang='lat' dir='ltr'><strong>Ulmus·</strong></span> 
     </span>
    </p>

    <p class='ocr_par' dir='ltr' id='par_1_7' title="bbox 668 1769 2583 2161">
     <span class='ocr_line' id='line_1_16' title="bbox 753 1769 2582 1854; baseline 0 -22"><span class='ocrx_word' id='word_1_108' title='bbox 753 1774 791 1833; x_wconf 84' lang='lat' dir='ltr'>l.</span> <span class='ocrx_word' id='word_1_109' title='bbox 821 1794 875 1854; x_wconf 83' lang='lat'>3.</span> <span class='ocrx_word' id='word_1_110' title='bbox 909 1774 1169 1839; x_wconf 80' lang='lat' dir='ltr'>Persuade</span> <span class='ocrx_word' id='word_1_111' title='bbox 1200 1774 1295 1835; x_wconf 73' lang='lat' dir='ltr'>tibi</span> <span class='ocrx_word' id='word_1_112' title='bbox 1318 1774 1436 1832; x_wconf 82' lang='lat' dir='ltr'>hoc.</span> <span class='ocrx_word' id='word_1_113' title='bbox 1465 1769 1558 1833; x_wconf 74' lang='lat' dir='ltr'>Sic</span> <span class='ocrx_word' id='word_1_114' title='bbox 1581 1770 1770 1832; x_wconf 76' lang='lat' dir='ltr'>nostri</span> <span class='ocrx_word' id='word_1_115' title='bbox 1803 1770 1973 1832; x_wconf 85' lang='lat' dir='ltr'>codd.</span> <span class='ocrx_word' id='word_1_116' title='bbox 1998 1792 2053 1831; x_wconf 85' lang='lat' dir='ltr'>a.</span> <span class='ocrx_word' id='word_1_117' title='bbox 2077 1786 2135 1832; x_wconf 87' lang='lat' dir='ltr'>et</span> <span class='ocrx_word' id='word_1_118' title='bbox 2159 1772 2208 1831; x_wconf 84' lang='lat' dir='ltr'>b.</span> <span class='ocrx_word' id='word_1_119' title='bbox 2235 1786 2295 1833; x_wconf 82' lang='lat' dir='ltr'>et</span> <span class='ocrx_word' id='word_1_120' title='bbox 2325 1770 2510 1832; x_wconf 67' lang='lat' dir='ltr'>Paris.</span> <span class='ocrx_word' id='word_1_121' title='bbox 2529 1795 2582 1832; x_wconf 81' lang='lat' dir='ltr'>a.</span> 
     </span>
     <span class='ocr_line' id='line_1_17' title="bbox 669 1850 2582 1937; baseline -0.004 -16"><span class='ocrx_word' id='word_1_122' title='bbox 669 1854 724 1921; x_wconf 74' lang='lat' dir='ltr'>b.</span> <span class='ocrx_word' id='word_1_123' title='bbox 749 1856 801 1914; x_wconf 85' lang='lat' dir='ltr'>d.</span> <span class='ocrx_word' id='word_1_124' title='bbox 839 1874 977 1917; x_wconf 85' lang='lat' dir='ltr'>cum</span> <span class='ocrx_word' id='word_1_125' title='bbox 1014 1854 1203 1919; x_wconf 85' lang='lat' dir='ltr'>tribus</span> <span class='ocrx_word' id='word_1_126' title='bbox 1232 1854 1469 1937; x_wconf 84' lang='lat' dir='ltr'>optimis</span> <span class='ocrx_word' id='word_1_127' title='bbox 1505 1852 1694 1917; x_wconf 85' lang='lat' dir='ltr'>msstis</span> <span class='ocrx_word' id='word_1_128' title='bbox 1723 1850 1962 1916; x_wconf 86' lang='lat' dir='ltr'>Gruteri</span> <span class='ocrx_word' id='word_1_129' title='bbox 1994 1867 2055 1912; x_wconf 90' lang='lat' dir='ltr'>et</span> <span class='ocrx_word' id='word_1_130' title='bbox 2089 1851 2226 1915; x_wconf 89' lang='lat' dir='ltr'>cod.</span> <span class='ocrx_word' id='word_1_131' title='bbox 2257 1852 2582 1931; x_wconf 75' lang='lat' dir='ltr'>Amplone‘a-</span> 
     </span>
     <span class='ocr_line' id='line_1_18' title="bbox 668 1932 2583 2017; baseline 0.001 -22"><span class='ocrx_word' id='word_1_132' title='bbox 668 1956 742 2001; x_wconf 84' lang='lat' dir='ltr'>no</span> <span class='ocrx_word' id='word_1_133' title='bbox 759 1934 1105 2013; x_wconf 75' lang='lat' dir='ltr'>Ersurdensi,</span> <span class='ocrx_word' id='word_1_134' title='bbox 1140 1954 1265 2017; x_wconf 88' lang='lat' dir='ltr'>quo</span> <span class='ocrx_word' id='word_1_135' title='bbox 1292 1953 1434 1999; x_wconf 86' lang='lat' dir='ltr'>usus</span> <span class='ocrx_word' id='word_1_136' title='bbox 1454 1950 1540 1994; x_wconf 87' lang='lat' dir='ltr'>est</span> <span class='ocrx_word' id='word_1_137' title='bbox 1568 1933 1706 1995; x_wconf 81' lang='lat' dir='ltr'>clar.</span> <span class='ocrx_word' id='word_1_138' title='bbox 1744 1932 2062 1996; x_wconf 81' lang='lat' dir='ltr'>Matthiae:</span> <span class='ocrx_word' id='word_1_139' title='bbox 2095 1932 2179 1996; x_wconf 87' lang='lat' dir='ltr'>sic</span> <span class='ocrx_word' id='word_1_140' title='bbox 2204 1933 2344 1993; x_wconf 87' lang='lat' dir='ltr'>item</span> <span class='ocrx_word' id='word_1_141' title='bbox 2371 1934 2583 1997; x_wconf 90' lang='lat' dir='ltr'>editio-</span> 
     </span>
     <span class='ocr_line' id='line_1_19' title="bbox 668 2014 2581 2097; baseline 0.001 -21"><span class='ocrx_word' id='word_1_142' title='bbox 668 2032 776 2077; x_wconf 85' lang='lat' dir='ltr'>nes</span> <span class='ocrx_word' id='word_1_143' title='bbox 804 2031 939 2080; x_wconf 87' lang='lat' dir='ltr'>ante</span> <span class='ocrx_word' id='word_1_144' title='bbox 964 2014 1218 2097; x_wconf 82' lang='lat' dir='ltr'>Lipsium</span> <span class='ocrx_word' id='word_1_145' title='bbox 1244 2033 1488 2089; x_wconf 84' lang='lat' dir='ltr'>omnes,</span> <span class='ocrx_word' id='word_1_146' title='bbox 1524 2030 1770 2095; x_wconf 85' lang='lat' dir='ltr'>excepta</span> <span class='ocrx_word' id='word_1_147' title='bbox 1787 2014 2191 2077; x_wconf 83' lang='lat' dir='ltr'>vetustissima</span> <span class='ocrx_word' id='word_1_148' title='bbox 2213 2014 2308 2075; x_wconf 84' lang='lat' dir='ltr'>ed.</span> <span class='ocrx_word' id='word_1_149' title='bbox 2327 2016 2410 2075; x_wconf 84' lang='lat' dir='ltr'>A.</span> <span class='ocrx_word' id='word_1_150' title='bbox 2431 2034 2581 2095; x_wconf 84' lang='lat' dir='ltr'>quae</span> 
     </span>
     <span class='ocr_line' id='line_1_20' title="bbox 671 2094 2580 2161; baseline 0.001 -4"><span class='ocrx_word' id='word_1_151' title='bbox 671 2112 807 2157; x_wconf 86' lang='lat' dir='ltr'>cum</span> <span class='ocrx_word' id='word_1_152' title='bbox 840 2113 1046 2161; x_wconf 84' lang='lat' dir='ltr'>nostro</span> <span class='ocrx_word' id='word_1_153' title='bbox 1069 2114 1177 2157; x_wconf 87' lang='lat' dir='ltr'>ms.</span> <span class='ocrx_word' id='word_1_154' title='bbox 1198 2120 1243 2159; x_wconf 85' lang='lat' dir='ltr'>c.</span> <span class='ocrx_word' id='word_1_155' title='bbox 1265 2094 1443 2156; x_wconf 83' lang='lat' dir='ltr'>habet</span> <span class='ocrx_word' id='word_1_156' title='bbox 1476 2094 1734 2157; x_wconf 79' lang='lat' dir='ltr'>Persuade</span> <span class='ocrx_word' id='word_1_157' title='bbox 1758 2095 1837 2157; x_wconf 80' lang='lat' dir='ltr'>sic</span> <span class='ocrx_word' id='word_1_158' title='bbox 1860 2117 1968 2159; x_wconf 85' lang='lat' dir='ltr'>esse</span> <span class='ocrx_word' id='word_1_159' title='bbox 1991 2113 2052 2155; x_wconf 77' lang='lat' dir='ltr'>ut</span> <span class='ocrx_word' id='word_1_160' title='bbox 2079 2096 2172 2157; x_wconf 75' lang='lat' dir='ltr'>eibi</span> <span class='ocrx_word' id='word_1_161' title='bbox 2199 2094 2387 2157; x_wconf 78' lang='lat' dir='ltr'>scribo.</span> <span class='ocrx_word' id='word_1_162' title='bbox 2439 2096 2580 2159; x_wconf 89' lang='lat' dir='ltr'>Pro·</span> 
     </span>
    </p>

    <p class='ocr_par' dir='ltr' id='par_1_8' title="bbox 622 2172 2582 2339">
     <span class='ocr_line' id='line_1_21' title="bbox 622 2172 2582 2257; baseline 0.002 -20"><span class='ocrx_word' id='word_1_163' title='bbox 622 2206 629 2215; x_wconf 86' lang='lat'><strong>·</strong></span> <span class='ocrx_word' id='word_1_164' title='bbox 669 2194 894 2243; x_wconf 85' lang='lat' dir='ltr'>nomen</span> <span class='ocrx_word' id='word_1_165' title='bbox 916 2178 1017 2241; x_wconf 80' lang='lat' dir='ltr'>hoe</span> <span class='ocrx_word' id='word_1_166' title='bbox 1042 2194 1116 2238; x_wconf 82' lang='lat' dir='ltr'>ex</span> <span class='ocrx_word' id='word_1_167' title='bbox 1146 2172 1313 2242; x_wconf 84' lang='lat' dir='ltr'>editis</span> <span class='ocrx_word' id='word_1_168' title='bbox 1340 2175 1505 2239; x_wconf 78' lang='lat' dir='ltr'>libris</span> <span class='ocrx_word' id='word_1_169' title='bbox 1533 2173 1752 2253; x_wconf 85' lang='lat' dir='ltr'>primus</span> <span class='ocrx_word' id='word_1_170' title='bbox 1783 2176 1952 2239; x_wconf 87' lang='lat' dir='ltr'>eiecit</span> <span class='ocrx_word' id='word_1_171' title='bbox 1982 2176 2224 2257; x_wconf 81' lang='lat' dir='ltr'>Lipsius,</span> <span class='ocrx_word' id='word_1_172' title='bbox 2263 2195 2453 2256; x_wconf 87' lang='lat' dir='ltr'><strong>quum</strong></span> <span class='ocrx_word' id='word_1_173' title='bbox 2473 2178 2582 2240; x_wconf 85' lang='lat' dir='ltr'>de-</span> 
     </span>
     <span class='ocr_line' id='line_1_22' title="bbox 670 2254 2582 2339; baseline 0.003 -23"><span class='ocrx_word' id='word_1_174' title='bbox 670 2255 907 2321; x_wconf 79' lang='lat' dir='ltr'>siderari</span> <span class='ocrx_word' id='word_1_175' title='bbox 950 2256 1091 2321; x_wconf 86' lang='lat' dir='ltr'>illud</span> <span class='ocrx_word' id='word_1_176' title='bbox 1121 2258 1182 2323; x_wconf 85' lang='lat' dir='ltr'>in</span> <span class='ocrx_word' id='word_1_177' title='bbox 1212 2256 1450 2324; x_wconf 88' lang='lat' dir='ltr'>duobus</span> <span class='ocrx_word' id='word_1_178' title='bbox 1483 2254 1612 2319; x_wconf 80' lang='lat' dir='ltr'>aliis</span> <span class='ocrx_word' id='word_1_179' title='bbox 1640 2254 1883 2321; x_wconf 87' lang='lat' dir='ltr'>Gruteri</span> <span class='ocrx_word' id='word_1_180' title='bbox 1911 2256 2217 2319; x_wconf 81' lang='lat' dir='ltr'>codicibus</span> <span class='ocrx_word' id='word_1_181' title='bbox 2252 2259 2582 2339; x_wconf 83' lang='lat' dir='ltr'>comperis-</span> 
     </span>
    </p>

    <p class='ocr_par' dir='ltr' id='par_1_9' title="bbox 602 2322 2583 2664">
     <span class='ocr_line' id='line_1_23' title="bbox 602 2322 2583 2421; baseline -0.001 -17"><span class='ocrx_word' id='word_1_182' title='bbox 602 2322 635 2351; x_wconf 60' lang='lat'>⁸</span> <span class='ocrx_word' id='word_1_183' title='bbox 668 2354 783 2404; x_wconf 73' lang='lat' dir='ltr'>set.</span> <span class='ocrx_word' id='word_1_184' title='bbox 814 2338 897 2403; x_wconf 80' lang='lat' dir='ltr'>At</span> <span class='ocrx_word' id='word_1_185' title='bbox 934 2338 1084 2404; x_wconf 83' lang='lat' dir='ltr'>idem</span> <span class='ocrx_word' id='word_1_186' title='bbox 1110 2356 1439 2421; x_wconf 87' lang='lat' dir='ltr'>pronomen</span> <span class='ocrx_word' id='word_1_187' title='bbox 1467 2354 1606 2399; x_wconf 84' lang='lat' dir='ltr'>cum</span> <span class='ocrx_word' id='word_1_188' title='bbox 1636 2336 1770 2399; x_wconf 79' lang='lat' dir='ltr'>alibi</span> <span class='ocrx_word' id='word_1_189' title='bbox 1805 2338 2070 2420; x_wconf 83' lang='lat' dir='ltr'>saepius,</span> <span class='ocrx_word' id='word_1_190' title='bbox 2099 2338 2200 2401; x_wconf 88' lang='lat' dir='ltr'>ubi</span> <span class='ocrx_word' id='word_1_191' title='bbox 2216 2337 2424 2400; x_wconf 85' lang='lat' dir='ltr'>abesse</span> <span class='ocrx_word' id='word_1_192' title='bbox 2444 2359 2583 2420; x_wconf 80' lang='lat' dir='ltr'>pos·</span> 
     </span>
     <span class='ocr_line' id='line_1_24' title="bbox 671 2417 2581 2501; baseline 0.002 -22"><span class='ocrx_word' id='word_1_193' title='bbox 671 2437 738 2480; x_wconf 82' lang='lat' dir='ltr'>se</span> <span class='ocrx_word' id='word_1_194' title='bbox 775 2419 1123 2494; x_wconf 80' lang='lat' dir='ltr'>videbatur,</span> <span class='ocrx_word' id='word_1_195' title='bbox 1163 2421 1419 2483; x_wconf 89' lang='lat' dir='ltr'>inserere</span> <span class='ocrx_word' id='word_1_196' title='bbox 1453 2417 1679 2484; x_wconf 85' lang='lat' dir='ltr'>Seneca</span> <span class='ocrx_word' id='word_1_197' title='bbox 1708 2421 2061 2494; x_wconf 87' lang='lat' dir='ltr'>consuevit,</span> <span class='ocrx_word' id='word_1_198' title='bbox 2107 2437 2235 2483; x_wconf 89' lang='lat' dir='ltr'>tum</span> <span class='ocrx_word' id='word_1_199' title='bbox 2273 2419 2461 2501; x_wconf 86' lang='lat' dir='ltr'>Epist.</span> <span class='ocrx_word' id='word_1_200' title='bbox 2487 2438 2581 2484; x_wconf 85' lang='lat' dir='ltr'>v1.</span> 
     </span>
     <span class='ocr_line' id='line_1_25' title="bbox 664 2498 2580 2582; baseline 0.003 -23"><span class='ocrx_word' id='word_1_201' title='bbox 664 2499 709 2559; x_wconf 84' lang='lat'>1.</span> <span class='ocrx_word' id='word_1_202' title='bbox 738 2520 791 2568; x_wconf 76' lang='lat'>2.</span> <span class='ocrx_word' id='word_1_203' title='bbox 809 2518 871 2562; x_wconf 89' lang='lat' dir='ltr'>et</span> <span class='ocrx_word' id='word_1_204' title='bbox 894 2502 1057 2565; x_wconf 85' lang='lat' dir='ltr'>initio</span> <span class='ocrx_word' id='word_1_205' title='bbox 1083 2502 1267 2581; x_wconf 81' lang='lat' dir='ltr'>Epist.</span> <span class='ocrx_word' id='word_1_206' title='bbox 1304 2519 1450 2566; x_wconf 80' lang='lat' dir='ltr'>XVI.</span> <span class='ocrx_word' id='word_1_207' title='bbox 1475 2498 1656 2566; x_wconf 88' lang='lat' dir='ltr'>Conf.</span> <span class='ocrx_word' id='word_1_208' title='bbox 1675 2499 1954 2566; x_wconf 88' lang='lat' dir='ltr'>Gronov.</span> <span class='ocrx_word' id='word_1_209' title='bbox 1977 2503 2050 2563; x_wconf 85' lang='lat' dir='ltr'>ad</span> <span class='ocrx_word' id='word_1_210' title='bbox 2073 2503 2180 2582; x_wconf 84' lang='lat' dir='ltr'>Ep.</span> <span class='ocrx_word' id='word_1_211' title='bbox 2216 2515 2338 2564; x_wconf 82' lang='lat' dir='ltr'>xx.</span> <span class='ocrx_word' id='word_1_212' title='bbox 2371 2518 2502 2566; x_wconf 85' lang='lat' dir='ltr'>not.</span> <span class='ocrx_word' id='word_1_213' title='bbox 2527 2525 2580 2568; x_wconf 73' lang='lat' dir='ltr'>a.</span> 
     </span>
     <span class='ocr_line' id='line_1_26' title="bbox 670 2581 2426 2664; baseline 0 -18"><span class='ocrx_word' id='word_1_214' title='bbox 670 2597 732 2646; x_wconf 81' lang='lat' dir='ltr'>et</span> <span class='ocrx_word' id='word_1_215' title='bbox 768 2600 923 2662; x_wconf 82' lang='lat' dir='ltr'>quae</span> <span class='ocrx_word' id='word_1_216' title='bbox 952 2603 985 2646; x_wconf 85' lang='lat' dir='ltr'>a</span> <span class='ocrx_word' id='word_1_217' title='bbox 1021 2581 1196 2645; x_wconf 82' lang='lat' dir='ltr'>nobis</span> <span class='ocrx_word' id='word_1_218' title='bbox 1215 2583 1286 2646; x_wconf 84' lang='lat' dir='ltr'>ad</span> <span class='ocrx_word' id='word_1_219' title='bbox 1306 2583 1411 2664; x_wconf 87' lang='lat' dir='ltr'>Ep.</span> <span class='ocrx_word' id='word_1_220' title='bbox 1449 2597 1590 2646; x_wconf 76' lang='lat' dir='ltr'>Lm.</span> <span class='ocrx_word' id='word_1_221' title='bbox 1620 2601 1679 2664; x_wconf 86' lang='lat' dir='ltr'>p.</span> <span class='ocrx_word' id='word_1_222' title='bbox 1709 2601 1731 2640; x_wconf 86' lang='grc' dir='ltr'><strong>ι</strong></span> <span class='ocrx_word' id='word_1_223' title='bbox 1749 2581 1854 2662; x_wconf 80' lang='grc' dir='ltr'>ς8,</span> <span class='ocrx_word' id='word_1_224' title='bbox 1883 2603 1983 2658; x_wconf 82' lang='lat'>24.</span> <span class='ocrx_word' id='word_1_225' title='bbox 2015 2583 2426 2654; x_wconf 53' lang='lat' dir='ltr'>notabuntur„</span> 
     </span>
    </p>

    <p class='ocr_par' dir='ltr' id='par_1_10' title="bbox 668 2662 2586 2904">
     <span class='ocr_line' id='line_1_27' title="bbox 754 2662 2586 2746; baseline 0.005 -26"><span class='ocrx_word' id='word_1_226' title='bbox 754 2662 793 2724; x_wconf 87' lang='lat'>1.</span> <span class='ocrx_word' id='word_1_227' title='bbox 815 2685 873 2736; x_wconf 80' lang='lat'>4.</span> <span class='ocrx_word' id='word_1_228' title='bbox 911 2667 1161 2743; x_wconf 72' lang='lat' dir='ltr'>quaedam</span> <span class='ocrx_word' id='word_1_229' title='bbox 1196 2683 1444 2746; x_wconf 75' lang='lat' dir='ltr'>tempora.</span> <span class='ocrx_word' id='word_1_230' title='bbox 1481 2663 1566 2730; x_wconf 88' lang='lat' dir='ltr'>Ut</span> <span class='ocrx_word' id='word_1_231' title='bbox 1597 2663 1778 2725; x_wconf 84' lang='lat' dir='ltr'>multa</span> <span class='ocrx_word' id='word_1_232' title='bbox 1801 2662 1912 2727; x_wconf 80' lang='lat' dir='ltr'>alia</span> <span class='ocrx_word' id='word_1_233' title='bbox 1937 2665 2149 2746; x_wconf 83' lang='lat' dir='ltr'>passim</span> <span class='ocrx_word' id='word_1_234' title='bbox 2167 2711 2188 2741; x_wconf 89' lang='lat'><strong>,</strong></span> <span class='ocrx_word' id='word_1_235' title='bbox 2223 2665 2308 2727; x_wconf 89' lang='lat' dir='ltr'>sic</span> <span class='ocrx_word' id='word_1_236' title='bbox 2329 2665 2586 2746; x_wconf 84' lang='lat' dir='ltr'>particu-</span> 
     </span>
     <span class='ocr_line' id='line_1_28' title="bbox 670 2739 2584 2827; baseline 0 -17"><span class='ocrx_word' id='word_1_237' title='bbox 670 2739 788 2810; x_wconf 81' lang='lat' dir='ltr'>lam</span> <span class='ocrx_word' id='word_1_238' title='bbox 825 2745 961 2807; x_wconf 78' lang='lat' dir='ltr'>enim</span> <span class='ocrx_word' id='word_1_239' title='bbox 1002 2745 1120 2811; x_wconf 88' lang='lat' dir='ltr'>hoc</span> <span class='ocrx_word' id='word_1_240' title='bbox 1154 2743 1293 2810; x_wconf 87' lang='lat' dir='ltr'>loco</span> <span class='ocrx_word' id='word_1_241' title='bbox 1332 2744 1587 2811; x_wconf 79' lang='lat' dir='ltr'>inculcat</span> <span class='ocrx_word' id='word_1_242' title='bbox 1615 2743 1802 2808; x_wconf 85' lang='lat' dir='ltr'>codex</span> <span class='ocrx_word' id='word_1_243' title='bbox 1833 2763 2036 2810; x_wconf 86' lang='lat' dir='ltr'>noster</span> <span class='ocrx_word' id='word_1_244' title='bbox 2058 2770 2106 2810; x_wconf 84' lang='lat' dir='ltr'>c.</span> <span class='ocrx_word' id='word_1_245' title='bbox 2135 2747 2410 2827; x_wconf 77' lang='lat' dir='ltr'>et‚&#39;quae</span> <span class='ocrx_word' id='word_1_246' title='bbox 2449 2766 2584 2810; x_wconf 84' lang='lat' dir='ltr'>cum</span> 
     </span>
     <span class='ocr_line' id='line_1_29' title="bbox 668 2821 2582 2904; baseline 0.003 -20"><span class='ocrx_word' id='word_1_247' title='bbox 668 2821 779 2892; x_wconf 82' lang='lat' dir='ltr'>illo</span> <span class='ocrx_word' id='word_1_248' title='bbox 814 2821 939 2892; x_wconf 84' lang='lat' dir='ltr'>fere</span> <span class='ocrx_word' id='word_1_249' title='bbox 962 2825 1148 2891; x_wconf 81' lang='lat' dir='ltr'>facere</span> <span class='ocrx_word' id='word_1_250' title='bbox 1173 2827 1357 2904; x_wconf 86' lang='lat' dir='ltr'>solet,</span> <span class='ocrx_word' id='word_1_251' title='bbox 1389 2827 1484 2894; x_wconf 82' lang='lat' dir='ltr'>ed.</span> <span class='ocrx_word' id='word_1_252' title='bbox 1502 2827 1580 2888; x_wconf 82' lang='lat' dir='ltr'>A.</span> <span class='ocrx_word' id='word_1_253' title='bbox 1661 2827 1702 2888; x_wconf 82' lang='grc' dir='ltr'>ἱ.</span> <span class='ocrx_word' id='word_1_254' title='bbox 1725 2826 1782 2890; x_wconf 90' lang='grc'>6.</span> <span class='ocrx_word' id='word_1_255' title='bbox 1806 2844 1883 2886; x_wconf 80' lang='lat' dir='ltr'>est</span> <span class='ocrx_word' id='word_1_256' title='bbox 1907 2827 2129 2890; x_wconf 74' lang='lat' dir='ltr'>iactura.</span> <span class='ocrx_word' id='word_1_257' title='bbox 2151 2826 2354 2888; x_wconf 78' lang='lat' dir='ltr'>iactura</span> <span class='ocrx_word' id='word_1_258' title='bbox 2373 2845 2456 2887; x_wconf 82' lang='lat' dir='ltr'>est</span> <span class='ocrx_word' id='word_1_259' title='bbox 2477 2848 2582 2890; x_wconf 87' lang='lat' dir='ltr'>ms.</span> 
     </span>
    </p>

    <p class='ocr_par' dir='ltr' id='par_1_11' title="bbox 614 2906 2586 3542">
     <span class='ocr_line' id='line_1_30' title="bbox 614 2906 2581 2992; baseline 0.001 -23"><span class='ocrx_word' id='word_1_260' title='bbox 614 2948 623 2964; x_wconf 82' lang='lat'><strong>·</strong></span> <span class='ocrx_word' id='word_1_261' title='bbox 673 2923 722 2969; x_wconf 79' lang='lat' dir='ltr'>c·</span> <span class='ocrx_word' id='word_1_262' title='bbox 756 2921 818 2973; x_wconf 71' lang='lat' dir='ltr'>e}</span> <span class='ocrx_word' id='word_1_263' title='bbox 844 2907 933 2973; x_wconf 82' lang='lat' dir='ltr'>ed.</span> <span class='ocrx_word' id='word_1_264' title='bbox 954 2908 1031 2974; x_wconf 84' lang='grc' dir='ltr'>Α.</span> <span class='ocrx_word' id='word_1_265' title='bbox 1113 2908 1241 2973; x_wconf 80' lang='lat' dir='ltr'>Ibid.</span> <span class='ocrx_word' id='word_1_266' title='bbox 1271 2906 1648 2990; x_wconf 75' lang='lat' dir='ltr'>negligentiam.</span> <span class='ocrx_word' id='word_1_267' title='bbox 1687 2908 2048 2988; x_wconf 68' lang='lat' dir='ltr'>neglegentiam</span> <span class='ocrx_word' id='word_1_268' title='bbox 2077 2926 2188 2971; x_wconf 81' lang='lat' dir='ltr'>ms·</span> <span class='ocrx_word' id='word_1_269' title='bbox 2219 2931 2275 2974; x_wconf 81' lang='lat' dir='ltr'>a.</span> <span class='ocrx_word' id='word_1_270' title='bbox 2311 2925 2374 2970; x_wconf 88' lang='lat' dir='ltr'>et</span> <span class='ocrx_word' id='word_1_271' title='bbox 2398 2911 2581 2992; x_wconf 74' lang='lat' dir='ltr'><em>Ampl-</em></span> 
     </span>
     <span class='ocr_line' id='line_1_31' title="bbox 671 2983 2586 3072; baseline 0.002 -24"><span class='ocrx_word' id='word_1_272' title='bbox 671 2983 770 3048; x_wconf 80' lang='lat' dir='ltr'>Sic</span> <span class='ocrx_word' id='word_1_273' title='bbox 799 2987 939 3050; x_wconf 86' lang='lat' dir='ltr'>item</span> <span class='ocrx_word' id='word_1_274' title='bbox 962 2988 1099 3053; x_wconf 82' lang='lat' dir='ltr'>alibi</span> <span class='ocrx_word' id='word_1_275' title='bbox 1126 3006 1462 3053; x_wconf 80' lang='lat' dir='ltr'>constanter</span> <span class='ocrx_word' id='word_1_276' title='bbox 1485 3004 1684 3051; x_wconf 88' lang='lat' dir='ltr'>noster</span> <span class='ocrx_word' id='word_1_277' title='bbox 1698 3010 1752 3047; x_wconf 86' lang='lat' dir='ltr'>a.</span> <span class='ocrx_word' id='word_1_278' title='bbox 1779 2989 2024 3072; x_wconf 70' lang='lat' dir='ltr'>neglegere</span> <span class='ocrx_word' id='word_1_279' title='bbox 2039 3036 2062 3066; x_wconf 79' lang='lat'><em>,</em></span> <span class='ocrx_word' id='word_1_280' title='bbox 2084 2990 2380 3072; x_wconf 79' lang='lat' dir='ltr'>neglegens:</span> <span class='ocrx_word' id='word_1_281' title='bbox 2423 2991 2586 3052; x_wconf 85' lang='lat' dir='ltr'>simi-</span> 
     </span>
     <span class='ocr_line' id='line_1_32' title="bbox 666 3062 2586 3152; baseline 0.006 -28"><span class='ocrx_word' id='word_1_282' title='bbox 666 3062 928 3146; x_wconf 82' lang='lat' dir='ltr'>literque</span> <span class='ocrx_word' id='word_1_283' title='bbox 948 3067 1094 3134; x_wconf 88' lang='lat' dir='ltr'>idem</span> <span class='ocrx_word' id='word_1_284' title='bbox 1118 3071 1297 3149; x_wconf 81' lang='lat' dir='ltr'>paulo</span> <span class='ocrx_word' id='word_1_285' title='bbox 1328 3085 1467 3150; x_wconf 77' lang='lat' dir='ltr'>post</span> <span class='ocrx_word' id='word_1_286' title='bbox 1483 3113 1502 3142; x_wconf 88' lang='lat'><strong>,</strong></span> <span class='ocrx_word' id='word_1_287' title='bbox 1537 3069 1822 3148; x_wconf 77' lang='lat' dir='ltr'>intellegat.</span> <span class='ocrx_word' id='word_1_288' title='bbox 1855 3069 2007 3150; x_wconf 85' lang='lat' dir='ltr'>Qua</span> <span class='ocrx_word' id='word_1_289' title='bbox 2027 3071 2097 3134; x_wconf 90' lang='lat' dir='ltr'>de</span> <span class='ocrx_word' id='word_1_290' title='bbox 2121 3070 2412 3152; x_wconf 82' lang='lat' dir='ltr'>scriptura</span> <span class='ocrx_word' id='word_1_291' title='bbox 2437 3089 2586 3135; x_wconf 91' lang='lat' dir='ltr'>con-</span> 
     </span>
     <span class='ocr_line' id='line_1_33' title="bbox 668 3146 2582 3236; baseline 0.004 -27"><span class='ocrx_word' id='word_1_292' title='bbox 668 3146 783 3209; x_wconf 78' lang='lat' dir='ltr'>suli</span> <span class='ocrx_word' id='word_1_293' title='bbox 808 3165 1006 3226; x_wconf 88' lang='lat' dir='ltr'>potest</span> <span class='ocrx_word' id='word_1_294' title='bbox 1028 3147 1320 3230; x_wconf 82' lang='lat' dir='ltr'>Dausquii</span> <span class='ocrx_word' id='word_1_295' title='bbox 1341 3147 1629 3229; x_wconf 85' lang='lat' dir='ltr'>Orthogr.</span> <span class='ocrx_word' id='word_1_296' title='bbox 1657 3171 1714 3230; x_wconf 85' lang='lat' dir='ltr'>p.</span> <span class='ocrx_word' id='word_1_297' title='bbox 1743 3169 1877 3233; x_wconf 87' lang='lat'>209.</span> <span class='ocrx_word' id='word_1_298' title='bbox 1897 3169 1958 3216; x_wconf 83' lang='lat' dir='ltr'>et</span> <span class='ocrx_word' id='word_1_299' title='bbox 1979 3151 2196 3234; x_wconf 80' lang='lat' dir='ltr'>p.·167.</span> <span class='ocrx_word' id='word_1_300' title='bbox 2273 3151 2504 3236; x_wconf 30' lang='lat' dir='ltr'>&#39;Mox-l.</span> <span class='ocrx_word' id='word_1_301' title='bbox 2525 3173 2582 3230; x_wconf 89' lang='lat'>7.</span> 
     </span>
     <span class='ocr_line' id='line_1_34' title="bbox 660 3228 2582 3314; baseline 0.005 -29"><span class='ocrx_word' id='word_1_302' title='bbox 660 3228 735 3314; x_wconf 77' lang='lat' dir='ltr'>fit</span> <span class='ocrx_word' id='word_1_303' title='bbox 756 3247 877 3293; x_wconf 88' lang='lat' dir='ltr'>uno</span> <span class='ocrx_word' id='word_1_304' title='bbox 900 3247 1192 3294; x_wconf 84' lang='lat' dir='ltr'>consensu</span> <span class='ocrx_word' id='word_1_305' title='bbox 1214 3231 1424 3292; x_wconf 86' lang='lat' dir='ltr'>dedere</span> <span class='ocrx_word' id='word_1_306' title='bbox 1447 3230 1633 3292; x_wconf 86' lang='lat' dir='ltr'>nostri</span> <span class='ocrx_word' id='word_1_307' title='bbox 1655 3231 1828 3293; x_wconf 88' lang='lat' dir='ltr'>codd.</span> <span class='ocrx_word' id='word_1_308' title='bbox 1847 3258 1900 3296; x_wconf 80' lang='lat' dir='ltr'>a.</span> <span class='ocrx_word' id='word_1_309' title='bbox 1927 3237 1978 3296; x_wconf 87' lang='lat' dir='ltr'>b.</span> <span class='ocrx_word' id='word_1_310' title='bbox 1998 3254 2048 3294; x_wconf 87' lang='lat' dir='ltr'>c.</span> <span class='ocrx_word' id='word_1_311' title='bbox 2075 3253 2212 3296; x_wconf 86' lang='lat' dir='ltr'>cum</span> <span class='ocrx_word' id='word_1_312' title='bbox 2247 3233 2582 3295; x_wconf 83' lang='lat' dir='ltr'>tribus-Pa-</span> 
     </span>
     <span class='ocr_line' id='line_1_35' title="bbox 670 3306 2581 3392; baseline 0.003 -22"><span class='ocrx_word' id='word_1_313' title='bbox 670 3307 763 3370; x_wconf 80' lang='lat' dir='ltr'>ris.</span> <span class='ocrx_word' id='word_1_314' title='bbox 789 3325 847 3370; x_wconf 88' lang='lat' dir='ltr'>et</span> <span class='ocrx_word' id='word_1_315' title='bbox 870 3306 1055 3376; x_wconf 83' lang='lat' dir='ltr'>tribus</span> <span class='ocrx_word' id='word_1_316' title='bbox 1084 3311 1327 3392; x_wconf 84' lang='lat' dir='ltr'>optimis</span> <span class='ocrx_word' id='word_1_317' title='bbox 1359 3311 1852 3376; x_wconf 86' lang='lat' dir='ltr'>msstisGruteri:</span> <span class='ocrx_word' id='word_1_318' title='bbox 1891 3314 1976 3378; x_wconf 85' lang='lat' dir='ltr'>sic</span> <span class='ocrx_word' id='word_1_319' title='bbox 2001 3315 2140 3376; x_wconf 87' lang='lat' dir='ltr'>item</span> <span class='ocrx_word' id='word_1_320' title='bbox 2173 3314 2338 3374; x_wconf 87' lang='lat' dir='ltr'>editt.</span> <span class='ocrx_word' id='word_1_321' title='bbox 2375 3331 2581 3376; x_wconf 86' lang='lat' dir='ltr'>omnes</span> 
     </span>
     <span class='ocr_line' id='line_1_36' title="bbox 670 3390 2579 3482; baseline 0.005 -33"><span class='ocrx_word' id='word_1_322' title='bbox 670 3408 805 3458; x_wconf 81' lang='lat' dir='ltr'>ante</span> <span class='ocrx_word' id='word_1_323' title='bbox 842 3390 1131 3482; x_wconf 56' lang='lat' dir='ltr'>Lindum,</span> <span class='ocrx_word' id='word_1_324' title='bbox 1166 3392 1272 3473; x_wconf 89' lang='lat' dir='ltr'>qui</span> <span class='ocrx_word' id='word_1_325' title='bbox 1308 3393 1449 3457; x_wconf 79' lang='lat' dir='ltr'>venit</span> <span class='ocrx_word' id='word_1_326' title='bbox 1475 3393 1697 3476; x_wconf 80' lang='lat' dir='ltr'>recepit</span> <span class='ocrx_word' id='word_1_327' title='bbox 1729 3411 1802 3459; x_wconf 83' lang='lat' dir='ltr'>ex</span> <span class='ocrx_word' id='word_1_328' title='bbox 1825 3397 2058 3460; x_wconf 86' lang='lat' dir='ltr'>duobus</span> <span class='ocrx_word' id='word_1_329' title='bbox 2089 3394 2215 3461; x_wconf 86' lang='lat' dir='ltr'>aliis</span> <span class='ocrx_word' id='word_1_330' title='bbox 2239 3415 2379 3459; x_wconf 87' lang='lat' dir='ltr'>mss.</span> <span class='ocrx_word' id='word_1_331' title='bbox 2403 3396 2579 3460; x_wconf 89' lang='lat' dir='ltr'>Grut.</span> 
     </span>
     <span class='ocr_line' id='line_1_37' title="bbox 672 3471 1592 3542; baseline 0.012 -11"><span class='ocrx_word' id='word_1_332' title='bbox 672 3488 733 3531; x_wconf 87' lang='lat' dir='ltr'>et</span> <span class='ocrx_word' id='word_1_333' title='bbox 767 3490 840 3533; x_wconf 84' lang='lat' dir='ltr'>ex</span> <span class='ocrx_word' id='word_1_334' title='bbox 865 3492 972 3533; x_wconf 83' lang='lat' dir='ltr'>ora</span> <span class='ocrx_word' id='word_1_335' title='bbox 1002 3471 1247 3537; x_wconf 86' lang='lat' dir='ltr'>Erasmi.</span> <span class='ocrx_word' id='word_1_336' title='bbox 1589 3539 1592 3542; x_wconf 81' lang='grc'>,</span> 
     </span>
    </p>

    <p class='ocr_par' dir='ltr' id='par_1_12' title="bbox 664 3553 2582 3968">
     <span class='ocr_line' id='line_1_38' title="bbox 747 3553 2582 3637; baseline 0.004 -23"><span class='ocrx_word' id='word_1_337' title='bbox 747 3555 793 3620; x_wconf 79' lang='grc' dir='ltr'>Ἰ.</span> <span class='ocrx_word' id='word_1_338' title='bbox 819 3573 877 3632; x_wconf 92' lang='lat'>7.</span> <span class='ocrx_word' id='word_1_339' title='bbox 901 3573 950 3614; x_wconf 82' lang='lat' dir='ltr'>et</span> <span class='ocrx_word' id='word_1_340' title='bbox 972 3553 1026 3616; x_wconf 91' lang='lat'>8.</span> <span class='ocrx_word' id='word_1_341' title='bbox 1064 3555 1357 3617; x_wconf 83' lang='lat' dir='ltr'>maxima</span> <span class='ocrx_word' id='word_1_342' title='bbox 1376 3580 1507 3637; x_wconf 83' lang='lat' dir='ltr'>pars</span> <span class='ocrx_word' id='word_1_343' title='bbox 1533 3556 1674 3618; x_wconf 77' lang='lat' dir='ltr'>vitae</span> <span class='ocrx_word' id='word_1_344' title='bbox 1699 3556 1921 3621; x_wconf 76' lang='lat' dir='ltr'>elabitur·</span> <span class='ocrx_word' id='word_1_345' title='bbox 1942 3559 2074 3620; x_wconf 83' lang='lat' dir='ltr'>male</span> <span class='ocrx_word' id='word_1_346' title='bbox 2111 3581 2148 3618; x_wconf 81' lang='lat' dir='ltr'><em>a</em></span> <span class='ocrx_word' id='word_1_347' title='bbox 2181 3559 2414 3633; x_wconf 75' lang='lat' dir='ltr'>entibus,</span> <span class='ocrx_word' id='word_1_348' title='bbox 2452 3583 2504 3621; x_wconf 86' lang='lat' dir='ltr'><em>m</em></span> <span class='ocrx_word' id='word_1_349' title='bbox 2520 3583 2582 3621; x_wconf 83' lang='lat' dir='ltr'>a·</span> 
     </span>
     <span class='ocr_line' id='line_1_39' title="bbox 664 3636 2581 3720; baseline 0.005 -27"><span class='ocrx_word' id='word_1_350' title='bbox 664 3653 803 3717; x_wconf 76' lang='lat' dir='ltr'>gna</span> <span class='ocrx_word' id='word_1_351' title='bbox 841 3637 979 3700; x_wconf 75' lang='lat' dir='ltr'>nihil</span> <span class='ocrx_word' id='word_1_352' title='bbox 1018 3636 1304 3720; x_wconf 80' lang='lat' dir='ltr'>agentibus.</span> <span class='ocrx_word' id='word_1_353' title='bbox 1342 3636 1434 3700; x_wconf 85' lang='lat' dir='ltr'>Sic</span> <span class='ocrx_word' id='word_1_354' title='bbox 1465 3637 1633 3700; x_wconf 85' lang='lat' dir='ltr'>editt.</span> <span class='ocrx_word' id='word_1_355' title='bbox 1683 3639 1861 3700; x_wconf 86' lang='lat' dir='ltr'>Rom.</span> <span class='ocrx_word' id='word_1_356' title='bbox 1891 3637 2080 3701; x_wconf 82' lang='lat' dir='ltr'>Tarv.</span> <span class='ocrx_word' id='word_1_357' title='bbox 2174 3659 2271 3713; x_wconf 79' lang='lat' dir='ltr'>en.</span> <span class='ocrx_word' id='word_1_358' title='bbox 2302 3661 2443 3708; x_wconf 85' lang='lat' dir='ltr'>cum</span> <span class='ocrx_word' id='word_1_359' title='bbox 2473 3661 2581 3702; x_wconf 87' lang='lat' dir='ltr'>no·-</span> 
     </span>
     <span class='ocr_line' id='line_1_40' title="bbox 672 3715 2574 3802; baseline 0.003 -24"><span class='ocrx_word' id='word_1_360' title='bbox 672 3715 807 3778; x_wconf 79' lang='lat' dir='ltr'>stris</span> <span class='ocrx_word' id='word_1_361' title='bbox 828 3736 969 3781; x_wconf 84' lang='lat' dir='ltr'>mss.</span> <span class='ocrx_word' id='word_1_362' title='bbox 990 3740 1045 3778; x_wconf 77' lang='lat' dir='ltr'>a.</span> <span class='ocrx_word' id='word_1_363' title='bbox 1067 3736 1127 3786; x_wconf 82' lang='lat' dir='ltr'>et</span> <span class='ocrx_word' id='word_1_364' title='bbox 1157 3722 1205 3780; x_wconf 84' lang='lat' dir='ltr'>b.</span> <span class='ocrx_word' id='word_1_365' title='bbox 1236 3719 1447 3786; x_wconf 70' lang='lat' dir='ltr'>et-Par.</span> <span class='ocrx_word' id='word_1_366' title='bbox 1471 3743 1528 3781; x_wconf 83' lang='lat' dir='ltr'>a.</span> <span class='ocrx_word' id='word_1_367' title='bbox 1548 3723 1599 3779; x_wconf 84' lang='lat' dir='ltr'>b.</span> <span class='ocrx_word' id='word_1_368' title='bbox 1621 3720 1674 3781; x_wconf 84' lang='lat' dir='ltr'>d.</span> <span class='ocrx_word' id='word_1_369' title='bbox 1709 3737 1773 3782; x_wconf 87' lang='lat' dir='ltr'>et</span> <span class='ocrx_word' id='word_1_370' title='bbox 1791 3719 1979 3800; x_wconf 85' lang='lat' dir='ltr'><em>Ampl.</em></span> <span class='ocrx_word' id='word_1_371' title='bbox 2014 3720 2263 3802; x_wconf 85' lang='lat' dir='ltr'>aliisque</span> <span class='ocrx_word' id='word_1_372' title='bbox 2295 3721 2574 3789; x_wconf 72' lang='lat' dir='ltr'>Gruteri:</span> 
     </span>
     <span class='ocr_line' id='line_1_41' title="bbox 670 3797 2580 3883; baseline 0.006 -31"><span class='ocrx_word' id='word_1_373' title='bbox 670 3813 849 3874; x_wconf 87' lang='lat' dir='ltr'>quam</span> <span class='ocrx_word' id='word_1_374' title='bbox 864 3797 1221 3876; x_wconf 74' lang='lat' dir='ltr'>&#39;scripturam</span> <span class='ocrx_word' id='word_1_375' title='bbox 1244 3845 1263 3881; x_wconf 81' lang='lat'>‚</span> <span class='ocrx_word' id='word_1_376' title='bbox 1286 3817 1353 3865; x_wconf 86' lang='lat' dir='ltr'>ut</span> <span class='ocrx_word' id='word_1_377' title='bbox 1389 3799 1545 3864; x_wconf 84' lang='lat' dir='ltr'>haud</span> <span class='ocrx_word' id='word_1_378' title='bbox 1571 3799 1746 3866; x_wconf 88' lang='lat' dir='ltr'>dubie</span> <span class='ocrx_word' id='word_1_379' title='bbox 1765 3818 1971 3866; x_wconf 83' lang='lat' dir='ltr'>veram</span> <span class='ocrx_word' id='word_1_380' title='bbox 1987 3847 2008 3876; x_wconf 90' lang='lat'><strong>,</strong></span> <span class='ocrx_word' id='word_1_381' title='bbox 2040 3803 2152 3866; x_wconf 84' lang='lat' dir='ltr'>iam</span> <span class='ocrx_word' id='word_1_382' title='bbox 2173 3802 2320 3866; x_wconf 86' lang='lat' dir='ltr'>olim</span> <span class='ocrx_word' id='word_1_383' title='bbox 2346 3823 2423 3864; x_wconf 80' lang='lat' dir='ltr'>ex</span> <span class='ocrx_word' id='word_1_384' title='bbox 2439 3823 2580 3883; x_wconf 85' lang='lat' dir='ltr'><strong>qua·</strong></span> 
     </span>
     <span class='ocr_line' id='line_1_42' title="bbox 672 3873 2581 3968; baseline 0.005 -24"><span class='ocrx_word' id='word_1_385' title='bbox 672 3890 814 3944; x_wconf 82' lang='lat' dir='ltr'>tuor</span> <span class='ocrx_word' id='word_1_386' title='bbox 851 3873 1217 3947; x_wconf 82' lang='lat' dir='ltr'>Gallicorum</span> <span class='ocrx_word' id='word_1_387' title='bbox 1252 3880 1525 3948; x_wconf 75' lang='lat' dir='ltr'>codicum</span> <span class='ocrx_word' id='word_1_388' title='bbox 1561 3897 1856 3947; x_wconf 85' lang='lat' dir='ltr'>consensu</span> <span class='ocrx_word' id='word_1_389' title='bbox 1891 3883 2418 3950; x_wconf 79' lang='lat' dir='ltr'>commendaverat</span> <span class='ocrx_word' id='word_1_390' title='bbox 2447 3885 2581 3968; x_wconf 86' lang='lat' dir='ltr'><strong>Op·-</strong></span> 
     </span>
    </p>
   </div>
   <div class='ocr_carea' id='block_1_5' title="bbox 2734 128 2736 704">
    <p class='ocr_par' dir='ltr' id='par_1_13' title="bbox 2734 128 2736 704">
     <span class='ocr_line' id='line_1_43' title="bbox 2734 128 2736 704; baseline 0 0"><span class='ocrx_word' id='word_1_391' title='bbox 2734 128 2736 704; x_wconf 95' lang='lat' dir='ltr'> </span> 
     </span>
    </p>
   </div>
  </div>
 </body>
</html>
