2759 4825
642 367 730 443 ιε
808 306 823 316 “
1040 360 1119 434 L
1167 334 1611 473 'ANNAEi
1658 352 2179 431 SENECAE

1127 584 1777 660 EPISTOLA
1848 586 2074 659 XCI.

635 718 980 795 Lugdunensis
1019 718 1253 772 coloniae
1281 719 1571 773 incendium
1605 718 1866 785 triste„et
1893 718 2149 771 subitumz
2183 731 2248 772 ea
2276 714 2585 785 inlectione,

666 830 676 839 ι
763 799 1081 873 cogitandum
1101 798 1164 850 de
1179 797 1459 865 inopinatis
1475 836 1491 862 ,
1512 808 1564 850 et
1582 814 1713 867 quae
1729 797 1927 849 homini
1945 808 2169 867 possunt
2191 798 2448 852 accidere.
2477 798 2575 852 Po·
2668 818 2670 841 ι

689 880 694 887 ’
765 881 849 933 uit
866 891 984 933 ante
1001 878 1178 931 oculos
1197 878 1391 930 incerta
1414 890 1469 931 et
1490 876 1637 931 fluxa
1658 878 1781 929 haee
1806 894 1973 931 rerum
1988 897 2005 931 z
2030 880 2255 938 maxima
2276 891 2335 932 et
2354 877 2581 933 firmissi-

765 977 849 1012 ma
865 958 1043 1019 minui,
1067 958 1250 1011 mutari
1266 994 1281 1019 ,
1299 956 1538 1019 subduci,
1564 969 1729 1011 terrae
1743 969 1889 1011 motu
1902 995 1919 1021 ‚
1938 959 2086 1027 aquis
2101 995 2116 1020 ,
2136 956 2379 1013 flammis·
2402 959 2581 1013 Omnia

685 1038 692 1045 '
765 1038 998 1091 mortalia
1013 1050 1182 1091 morte
1206 1038 1436 1091 damnata
1461 1053 1595 1093 esse.
1636 1037 1771 1109 Ergo
1791 1054 1885 1091 nec
1906 1037 2057 1092 istam
2072 1038 2310 1107 homini,
2330 1055 2428 1095 nec
2448 1038 2577 1095 infa-

765 1119 915 1171 miam
935 1116 1172 1171 timenda.

1031 1246 1378 1319 SENECA
1424 1214 1693 1319 Lucilio⁸
1714 1271 1825 1316 suo
1860 1247 2179 1318 Salutevn.

635 1350 1114 1505 LtuERALls
1161 1426 1398 1483 noster
1441 1433 1639 1482 nunc
1666 1409 1871 1481 tristis
1908 1426 2045 1498 est,
2088 1410 2439 1483 nuntiato
2470 1410 2575 1481 in-

637 1519 900 1591 cendio
921 1570 944 1606 ,
973 1544 1125 1611 quo
1158 1520 1650 1615 Lugdunensis
1673 1518 1953 1592 colonia
1980 1536 2235 1593 exusta
2258 1538 2385 1593 est.
2414 1522 2573 1593 Mo·

635 1654 806 1709 vere
847 1631 964 1702 hic
1007 1655 1198 1703 casus
1237 1632 1641 1725 quemlibet
1685 1648 1965 1724 posset,
2018 1633 2305 1705 nedum
2344 1633 2573 1705 homi-

638 1763 810 1813 nem
837 1742 1098 1836 patriae
1119 1762 1296 1813 suae·
1313 1741 1894 1812 amantissimum.
1930 1744 2143 1845 Quae
2177 1768 2292 1815 res
2320 1742 2571 1831 effecit,

637 1866 727 1922 ut
753 1851 1158 1923 firmitatem
1203 1850 1424 1927 animi
1455 1850 1563 1921 sui
1592 1860 1925 1942 quaetat3
1971 1876 2195 1945 quam
2238 1852 2571 1923 videlicet

638 1958 733 2031 ad
761 1984 872 2049 ea,
907 1984 1092 2051 quae
1129 1957 1366 2029 timeri
1399 1980 1603 2050 posse
1639 1958 1987 2050 putabat,
2026 1960 2377 2032 exercuit.
2419 1961 2571 2031 Hoc

637 2092 811 2139 vero
851 2086 996 2139 tam
1035 2067 1495 2161 inopinatum
1534 2067 1846 2152 malum,
1902 2082 1974 2163 et
2014 2090 2249 2162 paene
2294 2070 2572 2141 inaudi-

638 2196 840 2266 tum,
879 2201 1030 2249 non
1061 2181 1278 2249 miror
1305 2177 1359 2247 si
1384 2178 1536 2249 sine
1562 2195 1764 2249 metu
1800 2176 1939 2249 fuit
1960 2230 1983 2265 ,
2020 2203 2263 2271 quum
2288 2203 2467 2253 esset
2490 2182 2573 2250 εἰ·

638 2314 738 2363 ne
793 2292 1170 2384 exemplet
1231 2292 1491 2386 multas
1538 2288 1731 2359 enim
1756 2332 1761 2337 -
1786 2290 2099 2362 civitates
2148 2278 2570 2364 incendium

639 2398 970 2486 vexavit,
1022 2400 1295 2471 nullam
1339 2398 1649 2474 abstulit.
1700 2400 1888 2470 Nam
1918 2402 2132 2472 etiam
2172 2402 2305 2473 ubi
2340 2400 2571 2473 hostili
2674 2441 2676 2446 ·

639 2534 864 2580 manu
886 2512 966 2579 in
1001 2526 1190 2582 tecta
1225 2512 1405 2606 ignis
1436 2511 1757 2580 inmissus
1782 2526 1883 2582 est
1903 2561 1926 2597 ,
1972 2511 2221 2581 multis
2246 2511 2421 2582 loeis
2450 2510 2572 2582 de·-

637 2607 852 2706 fecit3
893 2635 998 2706 et,
1028 2621 1352 2713 quamvis
1379 2617 1688 2690 subinde
1716 2619 2098 2706 excitetur,
2136 2642 2299 2690 raro
2330 2636 2571 2689 tamen

639 2730 740 2801 sic
793 2745 1043 2800 cuncta
1095 2728 1536 2822 depascitur,
1588 2744 1673 2799 ut
1710 2725 1913 2804 nihil,
1952 2726 2139 2798 ferro
2185 2727 2568 2817 relinquat.

641 2837 1020 2916 Terrarum
1047 2862 1351 2930 quoque
1373 2838 1495 2908 vix
1514 2863 1862 2931 umquam
1890 2851 2033 2908 tam
2068 2839 2291 2933 gravis
2322 2854 2398 2907 et
2422 2859 2570 2930 per·

643 2946 950 3016 niciosus
995 2943 1134 3014 fuit
1184 2963 1468 3030 motus„
1522 2963 1605 3016 ut
1656 2961 1807 3016 tota
1868 2945 2141 3038 oppida
2200 2959 2565 3020 everteret.

643 3055 1072 3146 Numquam
1105 3053 1426 3146 denique
1459 3070 1606 3125 tam
1640 3055 1976 3128 infestum
2012 3057 2139 3127 ulli
2171 3058 2425 3130 exarsit
2462 3057 2592 3132 int

643 3163 1030 3252 cendium‚
1061 3179 1146 3235 ut
1179 3163 1358 3235 nihil
1382 3166 1581 3236 alteri
1602 3182 1987 3260 superesset
2014 3167 2379 3242 incendio.
2422 3168 2567 3238 Tot

646 3271 1124 3366 pulcherrima
1153 3296 1365 3366 opera
1386 3327 1407 3362 ‚
1454 3300 1641 3369 quae
1672 3277 1945 3376 singula
1968 3275 2339 3351 inlustrare
2362 3277 2567 3350 urbes

647 3381 945 3478 singulas
979 3399 1308 3474 possent,
1345 3407 1489 3454 una
1522 3409 1673 3458 nox
1706 3387 1977 3457 stravit:
2026 3387 2200 3458 etin
2226 3405 2421 3460 tanta
2444 3411 2567 3479 pa·-

647 3513 768 3577 ce,
815 3505 1172 3584 quantum
1215 3515 1308 3562 ne
1335 3493 1525 3564 bello
1563 3493 1863 3587 quidem
1894 3494 2426 3592 timeri'potest,
2456 3519 2567 3566 ac-

648 3598 848 3675 cidit.
885 3599 1070 3706 Quis
1090 3589 1551 3673 howcreditt?
1588 3603 1867 3697 ubique
1896 3605 2105 3676 ermis
2144 3604 2565 3696 quiescenti-

650 3706 828 3794 bus,
878 3733 1112 3800 quum
1150 3723 1310 3780 toto
1345 3711 1521 3780 orbe
1560 3729 1901 3790 terrarum
1949 3711 2199 3784 diffusa
2244 3713 2567 3794 securitas

653 3815 742 3886 sit
762 3866 787 3907 ‚
827 3815 1318 3917 Lugdunum,
1366 3821 1574 3916 quod
1620 3824 2129 3900 ostendebatur
2170 3824 2250 3896 in
2300 3822 2561 3912 Gallia,
