2759 4825
605 381 747 458 ..τε
985 367 1577 450 L.ANNAE1
1626 362 2151 442 SENECAE

599 539 694 611 ad
719 522 1044 624 mentem
1083 535 1352 606 bonam
1396 532 1503 604 uti
1534 531 1759 602 literis.
1794 529 1939 613 Sed
1965 551 2141 616 nos,
2172 548 2257 602 ut
2284 545 2515 604 cetera

601 651 679 721 in
717 667 1234 741 supervacuum
1277 641 1785 726 diffundimus„
1838 640 1931 709 ita
1978 637 2515 741 Philosophiam

597 758 844 851 ipsann
872 751 1521 858 Quemadmodum
1552 748 1881 820 omnium
1908 770 2145 818 rerum
2172 748 2326 836 ‚sic
2356 749 2513 821 lite-

597 891 834 941 rarum
861 887 1160 956 quoque
1184 859 1727 952 intemperantia
1756 858 2191 946 laboramusz
2228 881 2381 930 non
2408 863 2513 930 vi·
2610 905 2623 932 ι

591 989 714 1053 he
737 1027 762 1065 ,
787 977 916 1087 sed·
934 972 1210 1045 scholae
1235 972 1583 1042 discimus.
1624 969 1813 1042 Vale.

1048 1137 1693 1210 EPISTOLA
1728 1086 2043 1212 cvm.

596 1273 793 1327 Solatur
811 1270 1056 1326 Lucilium
1077 1285 1132 1324 et
1146 1269 1320 1338 erigit,
1337 1269 1391 1319 in
1410 1269 1531 1337 fuga
1547 1285 1833 1322 servorum.
1880 1273 1987 1324 Ista
2005 1276 2058 1331 e't
2075 1271 2168 1324 alia
2183 1269 2235 1323 in
2252 1271 2409 1324 vitam
2426 1272 2531 1348 ing

727 1353 918 1405 cidere:
943 1353 1158 1419 ideoque
1180 1367 1281 1400 non
1307 1349 1567 1415 inopinata
1591 1365 1705 1402 esse
1735 1351 1935 1406 debere.
1976 1351 2155 1406 Patere
2180 1351 2355 1424 igitur,
2373 1351 2510 1422 quod

727 1451 832 1489 non
853 1435 1104 1487 emendas.
1131 1434 1262 1484 Bona
1283 1439 1334 1480 et
1349 1431 1547 1498 sapiens
1566 1423 1809 1500 Epistola.

980 1581 1319 1654 SENECA
1366 1565 1617 1652 Lucilio
1652 1607 1765 1682 suo
1801 1579 2117 1651 Salutem.

599 1683 812 1822 UBI
847 1746 960 1815 illa
1004 1745 1378 1839 prudentia
1420 1761 1545 1816 tua
1568 1743 1601 1809 ἱ)
1644 1742 1775 1812 ubi
1798 1743 1874 1814 in
1910 1716 2359 1836 dispiciendis
2396 1767 2509 1815 re·

595 1854 732 1928 bus
753 1855 1147 1926 subtilitas?
1173 1856 1296 1925 ubi
1317 1853 1789 1952 magnitudo?
1826 1853 2013 1950 Tam
2035 1855 2281 1947 pusilla
2308 1879 2413 1926 res
2436 1873 2509 1927 te

595 1969 839 2065 angit?
883 1967 1078 2037 Servi
1109 1968 1608 2060 occupationes
1636 1983 1788 2033 tuas
1814 1966 2257 2034 occasionem
2298 1965 2509 2061 fugae
2613 2041 2623 2052 ⁸

594 2091 1048 2172 putaverunt.
1085 2072 1154 2143 Si
1193 2073 1406 2143 amici
1426 2072 1837 2164 deciperent
1860 2121 1883 2156 ‚
1928 2071 2278 2172 (habeant
2308 2074 2505 2145 enim

590 2209 756 2258 sane
773 2207 1043 2256 nomen
1060 2235 1079 2269 ,
1106 2181 1310 2274 quod
1335 2181 1467 2250 illis
1495 2195 1733 2250 noster
1756 2179 2099 2272 Epicurus
2132 2180 2455 2273 inposuit
2480 2231 2507 2268 ,

595 2311 670 2364 et
701 2307 1080 2378 vocentur,
1103 2293 1130 2384 )
1167 2306 1394 2383 quota
1422 2311 1575 2382 pars
1595 2287 1861 2358 abesset
1882 2289 1911 2380 {
1926 2289 2109 2374 msstz‘
2122 2315 2142 2356 .·
2170 2312 2323 2380 quo
2348 2303 2507 2358 tut·
2550 2357 2557 2362 .

593 2405 752 2499 pius
786 2422 934 2475 non
969 2403 1147 2491 sint]
1185 2399 1524 2471 omnibus
1546 2398 1769 2469 rebus
1802 2397 1991 2469 tuis?
2046 2397 2327 2469 Desunt
2360 2399 2503 2487 illi,

593 2507 722 2604 qui
751 2528 822 2582 et
847 2532 1130 2602 operam
1155 2526 1350 2579 tuam
1377 2506 1840 2578 conterebant
1860 2555 1883 2592 ,
1914 2520 1991 2575 et
2011 2522 2085 2577 te
2105 2508 2251 2576 aliis
2280 2509 2505 2578 mole·

589 2635 779 2688 stum
805 2640 944 2687 esse
970 2616 1369 2687 credebant.
1418 2615 1616 2687 Nihil
1644 2618 1901 2687 horum
1938 2616 2347 2701 insolitum,
2388 2617 2503 2685 ni-

591 2725 692 2796 hil
722 2726 1284 2817 inexspectatum
1313 2740 1431 2794 est.
1460 2712 1751 2793 Offendi
1784 2724 1993 2794 rebus
2016 2724 2155 2793 istis
2174 2773 2203 2810 ,.
2227 2737 2374 2793 tam
2405 2724 2501 2793 ri·-

592 2828 918 2934 diculum
947 2846 1086 2914 est,
1131 2850 1349 2920 quarn
1382 2830 1623 2922 queri,
1666 2828 1866 2921 quod
1894 2830 2217 2926 spargatis
2252 2828 2327 2898 in
2360 2852 2501 2923 pu-

589 2935 820 3022 blico,
858 2952 982 3005 aut
1007 2937 1397 3029 inquinetis
1419 2940 1495 3023 in
1523 2940 1703 3007 luto.
1749 2936 2011 3035 Eadem
2030 2940 2228 3012 >vitae
2250 2938 2503 3025 condi-3

571 3046 694 3116 zio
719 3060 862 3131 est,
907 3070 1096 3139 quae
1133 3047 1415 3134 balnei5
1464 3048 1748 3136 turbae,
1791 3048 2097 3119 itinerisz
2146 3047 2499 3141 quaedam

587 3156 664 3227 in
693 3174 764 3229 te
807 3156 1221 3243 mittemus,
1257 3157 1611 3251 quaedam
1632 3142 1991 3229 incident.
2033 3158 2107 3229 N
2112 3182 2209 3229 on
2243 3174 2346 3230 est
2370 3156 2501 3227 de·-

586 3266 787 3337 licata
827 3290 979 3354 res,
1023 3268 1280 3339 vivere.
1319 3268 1641 3365 Longam
1672 3268 1859 3339 viam
1902 3268 2240 3364 ingressus
2272 3294 2377 3341 es:
2426 3261 2502 3351 et

526 3437 532 3446 ,,
586 3376 836 3453 labaris
873 3395 1195 3471 oportet,
1243 3396 1314 3449 et
1357 3379 1641 3466 arietes,
1688 3394 1761 3449 et
1798 3379 2033 3465 cadas,
2080 3399 2153 3451 et
2196 3377 2495 3463 lasseriS‚

569 3504 662 3592 et
687 3492 1062 3561 exclames:
1115 3516 1148 3561 ο
1172 3490 1393 3561 mors!
1436 3490 1513 3561 id
1540 3508 1685 3578 est,
1718 3491 2095 3567 mentiaris,
2140 3491 2298 3561 Alio
2328 3492 2495 3561 loco

589 3602 928 3671 comitem
953 3601 1308 3693 relinques
1329 3653 1352 3689 ‚
1384 3596 1829 3688 alio-effere&
1860 3600 1999 3673 alio
2024 3599 2322 3671 timebis·
2354 3596 2495 3679 Pet

589 3710 938 3783 eiusmodi
985 3711 1273 3783 offensas
1317 3712 1808 3787 emetiendum
1858 3730 1959 3786 est
1993 3708 2491 3809 confragosum

585 3820 724 3891 hoc
759 3822 915 3895 iter.
955 3820 1142 3899 Mori
1185 3821 1407 3898 vulti'·
1435 3823 1889 3923 Praeparetur
1929 3822 2203 3923 animus
2236 3834 2489 3898 contra
