2759 4825
629 405 726 498 84
997 399 1080 476 L
1132 397 1580 474 ANNAEI
1641 399 2163 473 SENECAE

626 565 758 638 nisi
792 563 971 636 illud
1015 560 1459 656 frequenter,
1500 577 1574 634 et
1608 562 1757 634 sine
1802 564 2129 656 querela,
2186 562 2374 634 inter
2408 562 2561 634 sin·-

627 679 789 776 gula
831 675 1092 748 damna
1119 673 1411 748 dixeris:
1462 673 1614 746 Diis
1642 675 1833 744 aliter
1857 675 2066 745 visum
2096 689 2211 742 ese.
2265 671 2511 742 Immo
2534 723 2564 759 ,

627 788 1098 874 mehercules,
1127 802 1211 858 ut
1229 811 1515 859 carmen
1543 782 1791 858 fcsttius
1813 810 1893 858 ac
1914 785 2160 857 iustius
2184 801 2508 878 repetam
2536 835 2567 874 ‚

630 922 783 994 quo
803 899 1124 972 animum
1145 913 1360 971 tuum
1377 897 1593 994 magis
1610 894 1886 981 fulcias5
1918 895 2059 978 hoc,
2075 894 2299 974 dicito
2316 947 2336 981 ,
2366 920 2567 988 quo·

627 1005 812 1078 tiens
853 1007 1131 1099 aliquid
1188 1007 1431 1092 aliter,
1478 1029 1699 1098 quarn
1744 1003 2139 1100 cogitabas,
2188 1003 2512 1074 evenerit
2540 1031 2563 1072 t

627 1114 756 1186 Dii
781 1117 1023 1190 melius.
1059 1114 1174 1188 Sic
1201 1114 1609 1208 composito
1640 1112 1823 1184 nihil
1844 1113 2134 1186 accidet.
2172 1112 2287 1185 Sic
2306 1130 2563 1186 autem

629 1240 1147 1317 componetur,
1187 1224 1281 1308 si,
1327 1222 1507 1314 quid
1552 1223 2032 1296 humanarum
2066 1247 2303 1294 rerum
2329 1223 2565 1293 varie-

626 1353 730 1408 tas
773 1336 1024 1428 possit,
1067 1334 1519 1431 cogitaverit,
1573 1350 1965 1426 antequam
2010 1334 2337 1420 senserit3
2382 1334 2436 1404 si
2482 1349 2565 1406 et

625 1443 917 1529 liberos,
953 1457 1026 1514 et
1046 1443 1427 1538 coniugem
1444 1457 1713 1534 ‚atque
1746 1442 2267 1535 patrimonium
2312 1444 2407 1514 sic
2436 1444 2565 1517 ha·

625 1552 866 1628 buerit
885 1605 906 1638 ,
943 1567 1308 1644 tamquam
1357 1553 1511 1621 non
1541 1552 1801 1644 utique
1834 1569 2117 1646 semfnr
2144 1551 2515 1626 habiturus
2538 1603 2569 1640 ,

627 1679 702 1740 et
725 1681 1098 1754 tamquam
1128 1685 1278 1732 non
1310 1663 1593 1734 futurus
1622 1663 1718 1733 ob
1756 1665 1895 1734 hoc
1920 1663 2287 1752 miserior,
2332 1664 2386 1732 si
2428 1665 2563 1732 ha·-

627 1769 799 1844 bere
835 1769 1143 1844 desierit.
1196 1770 1661 1840 Calamitosus
1704 1785 1809 1842 est
1848 1772 2125 1842 animus
2164 1770 2391 1842 futuri
2425 1797 2563 1842 an·-

626 1883 824 1970 xius,
870 1900 942 1953 et
981 1897 1146 1952 ante
1191 1880 1501 1952 miserias
1541 1882 1789 1968 miser-3
1840 1885 1967 1976 qui
2013 1885 2354 1956 sollicitus
2400 1903 2557 1972 est,

627 2010 712 2064 ut
755 2017 878 2077 ea,
923 1993 1184 2084 quibus
1231 1992 1669 2081 delectatur,
1722 1995 1811 2064 ad
1863 2012 2274 2070 extremum.
2320 2021 2561 2090 usque

625 2116 1106 2200 permaneant.
1149 2099 1378 2171 Nullo
1424 2102 1619 2172 enim
1664 2119 1994 2196 tempore
2036 2106 2557 2232 conquiescet}

626 2227 700 2286 et
739 2211 1268 2304 exspectatione
1300 2212 1588 2283 venturi
1630 2215 2017 2312 praeseutia
2039 2266 2061 2303 ,
2101 2214 2371 2308 quibus
2411 2211 2557 2288 frui

622 2333 906 2418 poterat
924 2372 952 2423 2,
981 2321 1279 2394 amittet.
1306 2323 1395 2392 In
1422 2345 1663 2417 aequo
1690 2341 1793 2395 est
1817 2341 2059 2398 autem
2090 2325 2367 2400 missio
2402 2328 2510 2398 rei
2532 2375 2557 2412 ,

626 2449 700 2503 et
723 2435 940 2504 timor
973 2434 1428 2506 amittendae.

723 2542 878 2614 Nee
909 2542 1076 2615 ideo
1102 2544 1458 2637 praecipio
1484 2544 1617 2615 tibi
1650 2548 2179 2646 negligentiam.
2226 2548 2347 2620 Tu
2374 2573 2557 2621 vero

623 2654 1010 2727 metuenda
1037 2656 1347 2744 declina3
1379 2658 1741 2751 quidquid
1774 2660 2069 2731 consilio
2092 2662 2398 2755 prospici
2419 2687 2558 2755 po·

622 2782 794 2857 test,
835 2770 1200 2863 prospice3
1240 2768 1775 2864 ‚quodcumque
1807 2768 2162 2843 laesurum
2188 2789 2289 2841 est
2308 2822 2329 2857 ,
2360 2776 2557 2843 mul·

622 2890 706 2945 to
725 2892 890 2953 ante
910 2927 932 2962 ‚
963 2900 1179 2967 quarn
1209 2876 1475 2948 accidat
1495 2932 1513 2965 ‚
1540 2882 1897 2970 speculare
1918 2896 1988 2948 et
2008 2890 2265 2950 averte.
2294 2880 2380 2949 In
2405 2880 2555 2951 hoc

621 2984 856 3075 ipsum
881 2986 1016 3056 tibi
1041 2988 1437 3078 plurimum
1460 2987 1776 3058 conferet
1808 2986 2097 3076 fiducia,
2134 3004 2207 3059 et
2234 2988 2325 3059 ad
2359 2992 2547 3060 tole·

619 3093 930 3165 randum
947 3096 1248 3167 omnino
1275 3096 1645 3165 obfirmata
1670 3120 1889 3167 mens.
1918 3097 2155 3167 Potest
2180 3096 2551 3169 fortunam

621 3224 904 3291 cavere,
949 3201 1078 3295 qui
1106 3218 1344 3297 potest
1373 3204 1551 3276 ferre
1562 3232 1585 3292 ;
1628 3226 1817 3277 certe
1854 3206 1943 3277 in„
1972 3205 2361 3298 tranquillo
2390 3230 2553 3277 non

619 3308 1122 3389 tumultuatur.
1171 3316 1368 3386 Nihil
1412 3334 1511 3389 est
1537 3342 1669 3388 nec
1702 3318 2015 3386 miserius
2052 3340 2193 3387 nec
2216 3316 2555 3405 stultius,

621 3449 840 3517 quam
882 3426 1318 3518 praetimere.
1376 3428 1629 3535 Quae
1628 3427 1752 3498 ista
1792 3426 2151 3499 dementia
2188 3442 2335 3513 est,
2390 3452 2555 3499 ma·-

611 3534 772 3611 lum
806 3559 1015 3609 suum
1052 3534 1512 3605 antecedere?
1552 3522 1931 3630 Denique,
1978 3552 2061 3607 ut
2095 3536 2453 3607 breviter
2436 3558 2557 3607 m·

619 3642 906 3715 eludam
931 3644 1133 3736 quod
1161 3642 1431 3727 sentio,
1480 3659 1552 3715 et
1595 3645 1759 3719 istos
1790 3646 2095 3743 satagios
2102 3670 2193 3718 ac
2223 3642 2356 3717 sibi
2385 3671 2557 3717 mo-

616 3750 830 3821 leutos
854 3752 1238 3823 describam
1273 3752 1451 3823 tibi:
1507 3769 1651 3825 tam
1696 3756 2249 3849 intemperantes
2275 3756 2352 3825 in
2382 3756 2565 3848 ipsis

617 3858 920 3939 ῐειίωὰ»
949 3878 1119 3934 sunt
1135 3912 1161 3951 ,
1205 3884 1435 3957 quam
1476 3880 1645 3936 sunt
1694 3880 1867 3958 ante?
1906 3864 2071 3939 illae.
2100 3922 2103 3927 .
2129 3864 2299 3935 Plus
2340 3862 2559 3934 dolet
