2759 4825
609 393 1683 489 EP-IsrroLAxo
2062 451 2101 523 3

197 552 606 640 tuebantur}
652 558 1100 651 suadebant,
1143 565 1827 670 dissuadebantque,
1862 597 1935 653 et
1960 582 2106 669 uti-

197 665 282 735 lia
321 682 534 757 atque
560 666 848 739 inutilia
893 678 1401 749 monstrabant.
1452 684 1740 756 Horum
1782 692 2104 780 pruden-
2180 676 2185 685 ’

193 774 326 862 tia,
363 794 454 845 ne
481 776 666 869 quid
707 779 974 853 deesset
1017 786 1194 872 ευίε,
1231 792 1699 883 providebat3
1744 798 2101 879 fortitudo

187 886 458 957 arcebat
496 886 842 979 pericula3
892 889 1366 971 beneficentia
1412 907 1717 1003 augebat
1766 913 2101 987 ornabat-

189 1018 332 1086 que
355 995 726 1068 subiectos.
779 999 1124 1079 Officium
1171 1025 1317 1081 erat
1358 1010 1747 1106 imperare,
1788 1045 1943 1093 non
1984 1042 2099 1097 re·-
2180 1062 2185 1071 ·

189 1114 426 1199 gnum:
471 1106 752 1194 Nem0,
785 1128 1140 1202 quantu-m
1166 1137 1405 1211 posset
1432 1122 1761 1201 adversus
1786 1154 1937 1219 eos,
1969 1158 2097 1207 ex-

189 1211 576 1301 periebatur
597 1262 622 1301 ,
654 1238 786 1308 per
811 1240 992 1309 quos
1009 1244 1340 1314 coeperat
1353 1252 1589 1321 posse3
1618 1258 1749 1305 nec
1778 1260 1923 1308 erat
1945 1241 2097 1313 cui·

187 1346 394 1413 quam
423 1340 550 1397 aut
573 1326 852 1399 animus
876 1330 953 1401 in
991 1332 1318 1409 iniuriam
1342 1387 1364 1425 ,
1409 1358 1535 1412 aut
1566 1366 1767 1416 causa
1784 1372 1807 1431 ς
1853 1372 2089 1439 quum

187 1429 364 1501 bene
411 1434 792 1527 imperanti
849 1437 1059 1511 bene.
1092 1464 1451 1536 pareretur
1477 1501 1500 1539 ‚
1538 1454 1895 1547 ,nihilque
1959 1484 2089 1535 rex

187 1540 395 1613 maius
415 1543 672 1615 minari
690 1548 874 1629 male
888 1553 1300 1643 parentibus
1319 1574 1583 1650 posset,
1614 1583 1835 1655 quarn
1862 1584 1941 1637 ut
1963 1570 2088 1643 ab·

183 1650 304 1723 iret
325 1678 620 1753 eregn0.
655 1653 800 1729 Sed
824 1677 1209 1757 postquam
1231 1716 1254 1753 ‚
1283 1668 1835 1764 subrepentibus
1862 1678 2081 1768 vitiis,

185 1761 252 1831 in
277 1766 724 1859 tyrannidem
743 1792 954 1866 regna
975 1794 1305 1845 conversa
1323 1796 1489 1847 sunt
1506 1826 1529 1864 ‚
1560 1807 1743 1874 opus
1762 1809 1901 1855 esse
1923 1811 2087 1859 coe-

186 1871 281 1963 pit
303 1874 588 1971 legibus,
617 1901 790 1968 quas
815 1897 886 1949 et
915 1880 1089 1972 ipsas
1109 1882 1294 1953 inter
1315 1884 1515 1955 initia
1539 1893 1763 1961 tulere
1788 1890 2085 1985 Sapien·
2148 1960 2152 1969 .

187 1994 288 2049 tes.
329 1980 590 2071 Solon,
624 1985 754 2077 qui
776 1984 1090 2059 Athenas
1121 2004 1364 2083 ae‘quo'
1384 1994 1539 2066 iure
1564 1996 1897 2071 fundavit
1918 2052 1939 2089 ‚
1968 2003 2083 2075 in·
2155 2019 2180 2042 “

181 2107 274 2162 ter
293 2110 564 2187 septem
591 2098 746 2167 aevi
767 2099 1100 2192 sapientia
1134 2118 1350 2173 notus
1369 2132 1391 2176 ε
1429 2106 1841 2205 Lycurgum
1878 2114 1931 2183 si
1964 2138 2081 2185 ea·-

178 2201 328 2273 dem
365 2222 550 2276 aetas
584 2208 854 2279 tulisset
882 2262 904 2296 ‚
951 2232 1142 2285 sacro
1189 2211 1294 2281 illi
1343 2196 1651 2285 nume'ro
1702 2221 2078 2293 arcessisset

176 2330 525 2388 octavum:
557 2318 850 2391 Zaleuci
871 2322 1054 2418 leges
1083 2320 1653 2418 Charondaeque
1677 2329 2075 2403 laudantur.

179 2421 262 2493 Hi
285 2449 434 2496 non
461 2429 538 2496 in
567 2427 770 2516 foro,
799 2454 933 2502 nec
962 2433 1040 2502 in
1070 2436 1561 2508 consultorum
1585 2439 1763 2508 atrio
1786 2489 1811 2524 ‚
1846 2442 2073 2516 sedin

176 2537 594 2634 Pythagorae
636 2543 858 2612 tacito
893 2543 1018 2614 illo
1059 2559 1452 2638 sanctoque
1494 2571 1757 2622 secessu
1796 2550 2073 2634 didice-

172 2663 318 2716 runt
341 2647 536 2736 iura,
578 2675 766 2742 quae
801 2649 1084 2726 florenti
1125 2670 1300 2726 tunc
1341 2651 1619 2728 Siciliae
1658 2674 1731 2730 et
1761 2684 1891 2753 per
1925 2662 2069 2734 Ita.-

168 2755 312 2826 liam
341 2757 672 2830 Graeciae
699 2780 1073 2854 ponerent.

247 2867 608 2942 Hactenus
650 2870 708 2940 P
731 2891 780 2942 o
807 2889 840 2944 s
863 2892 893 2940 1
910 2886 962 2945 D
989 2893 1036 2944 ο
1057 2894 1107 2946 Ν
1135 2893 1166 2944 1
1185 2893 1238 2946 o
1286 2875 1649 2950 adsentim
1696 2894 1873 2954 artes
1900 2878 2065 2974 qui-

167 2973 312 3047 dem
347 2999 386 3048 a
412 2979 872 3072 philosophia
899 2981 1260 3070 inventam,
1299 2987 1567 3078 quibus
1592 2990 1667 3058 in
1697 2989 2065 3080 quotidia-

163 3107 248 3156 no
271 3109 398 3158 usu
431 3088 574 3158 vita
607 3081 873 3175 utitur,
907 3113 1058 3160 non
1089 3097 1600 3180 ,concesserim3
1648 3097 1916 3166 necilli
1958 3097 2062 3168 fa·-

162 3194 368 3266 bricae
415 3197 758 3268 adseram
779 3200 1094 3294 gloriam.
1136 3201 1270 3272 Illa
1288 3253 1311 3277 ,
1362 3203 1605 3300 inquit
1624 3255 1647 3294 ,
1698 3231 1955 3304 sparsos·
1994 3225 2060 3278 et

158 3306 372 3373 caustis
397 3321 598 3374 tectos
616 3357 642 3378 ,
668 3320 812 3376 ἀπτ
847 3307 1068 3401 aliqua
1097 3333 1252 3404 rupe
1281 3310 1623 3407 subfossa,
1672 3331 1791 3384 aut
1828 3339 2058 3387 exesae

156 3414 374 3481 arboris
406 3429 670 3488 trunco,
710 3415 926 3484 docuit
953 3433 1124 3486 tecta
1153 3419 1391 3489 moliri.
1444 3421 1593 3518 Ego
1620 3445 1791 3514 vero
1816 3422 2057 3512 philo-

153 3522 452 3614 sophiam
479 3521 728 3593 iudico
753 3547 908 3613 non
938 3525 1152 3621 magis
1181 3527 1607 3624 excogitasse
1636 3529 1756 3598 has
1790 3526 2056 3604 machi..

153 3631 450 3705 nationes
473 3649 834 3718 tectorum
859 3659 1068 3727 supra
1097 3651 1283 3708 tecta
1310 3637 1783 3735 surgentium,
1835 3653 1907 3708 et
1933 3663 2049 3709 m.

32 3711 34 3792 5
149 3739 334 3812 bium
377 3742 594 3812 urbes
623 3745 1148 3834 prementium,
1192 3767 1409 3838 quam
1452 3747 1711 3814 vivaria
1742 3746 2045 3840 piscium

32 3883 34 3933 ς
147 3851 206 3923 in
222 3853 354 3926 hoc
376 3855 573 3926 clusa
595 3870 730 3944 ,ut
757 3873 1261 3954 tempestatum
1287 3859 1603 3954 pericula
1628 3881 1787 3932 non
1809 3860 2041 3972 adiret
2142 3949 2148 3956 Ι

2220 2573 2254 2610 ἢ
