2759 4825
619 368 713 483 65
995 400 1076 471 L.
1127 397 1571 493 ANNAEI
1630 396 2145 475 SENECAE

553 550 564 563 ’
611 558 1027 635 nitentibus.
1075 558 1222 631 Nec
1249 560 1511 633 mirum
1533 609 1558 646 ,
1600 558 1801 652 quod
1836 560 2235 633 inconstans
2264 562 2547 634 varius·-

612 700 759 769 que
783 696 874 743 ex
903 670 1200 743 discordi
1245 672 1414 741 cibo
1452 670 1745 743 morbus
1785 672 1931 757 es't,
1974 689 2047 743 et
2073 673 2311 743 illaex
2348 696 2539 745 con-

610 783 832 855 trariis
859 797 1150 873 naturae
1173 781 1485 873 partibus
1528 782 1603 851 in
1626 781 1971 853 eumdem
2016 784 2387 875 compulsa
2416 805 2547 854 re-

613 892 965 967 dundant.
1032 887 1214 959 Inde
1263 905 1413 959 tam
1468 891 1675 961 nullo
1728 908 2169 987 aegrotamus
2224 916 2489 990 genere
2512 939 2541 979 ,

617 1025 835 1098 quam
859 997 1179 1069 vivimus.
1214 998 1569 1077 Maximus
1582 998 1701 1071 ille
1720 1000 2205 1089 Medicorum,
2224 1018 2299 1073 et
2318 1002 2543 1073 huius

609 1108 937 1183 scientiae
977 1106 1304 1177 conditor
1321 1157 1344 1194 ,
1358 1106 1638 1204 feminis
1672 1133 1787 1179 nec
1826 1110 2091 1208 capillos
2118 1108 2393 1202 defluere
2418 1109 2539 1181 di·

610 1220 722 1294 xit
742 1268 766 1307 ,
799 1241 912 1289 nec
921 1215 1112 1315 pedes
1143 1214 1454 1287 laborare.
1481 1213 1711 1307 Atqui
1740 1233 1815 1289 et
1837 1217 2101 1312 capillis
2128 1217 2537 1291 destituun-

521 1398 530 1419 ‚
608 1349 730 1425 tur
749 1382 770 1416 ,
799 1344 871 1399 et
894 1324 1198 1420 pedibus
1239 1346 1480 1419 aegrae
1502 1339 1687 1431 sunt.
1719 1324 1885 1395 Non
1914 1344 2187 1397 mutata
2221 1325 2535 1398 femina-

609 1448 776 1513 rum
801 1453 1086 1521 natura,
1123 1432 1245 1505 sed
1279 1435 1424 1505 vita
1455 1452 1593 1505 est:
1638 1458 1803 1507 nam
1834 1460 2068 1529 quum
2100 1437 2419 1516 virorum
2444 1436 2537 1511 li-

609 1548 917 1620 centiam
943 1542 1440 1636 aequaverint,
1466 1568 1851 1637 corporum
1880 1570 2183 1641 quoque
2210 1548 2531 1621 virilium

607 1654 1075 1729 incommoda
1105 1669 1525 1746 aequarunt.
1563 1654 1739 1726 Non
1776 1654 2015 1727 minus
2055 1658 2534 1757 perngilant,
2615 1714 2622 1722 .

606 1792 766 1842 non
788 1768 1026 1841 minus
1047 1783 1342 1860 potant,
1382 1782 1456 1837 et
1500 1768 1665 1840 oleo
1706 1782 1779 1839 et
1806 1792 2009 1841 mero
2046 1770 2235 1841 viros
2262 1791 2535 1862 provo-

608 1893 816 1965 cant3
855 1899 1086 1969 aeque
1118 1874 1356 1949 invitis
1375 1873 1652 1973 ingesta
1696 1878 2077 1949 visceribus
2109 1902 2237 1973 per
2264 1903 2340 1951 os
2360 1880 2539 1951 red-

609 1990 839 2075 dunt,
878 2003 950 2056 et
983 1985 1236 2078 ‚vinum
1279 2007 1499 2059 omne
1525 1984 1807 2057 vomitu
1844 1987 2365 2074 remetiuntur;
2412 2012 2535 2059 ae-

610 2122 760 2191 que
781 2095 1026 2167 nivem
1048 2090 1320 2165 rodunt
1335 2144 1359 2181 ,
1404 2094 1735 2165 solatium
1762 2098 2104 2167 stomachi
2130 2098 2535 2169 aestuantis.

591 2204 945 2307 Libidine
959 2226 1128 2276 vero
1145 2226 1238 2275 ne
1255 2202 1569 2287 maribus
1590 2203 1893 2296 quidem
1910 2206 2182 2279 cedunt
2200 2236 2218 2278 :
2242 2208 2393 2303 pati
2416 2232 2542 2281 na·

611 2332 763 2404 tae,
803 2313 968 2410 (Dii
987 2312 1134 2387 illas
1157 2312 1499 2407 Deaeque
1522 2314 1706 2385 male
1732 2314 2064 2409 perdant!
2093 2316 2123 2409 )
2150 2316 2341 2389 -adeo
2367 2342 2539 2411 per-

607 2448 890 2499 versum
923 2439 1372 2498 commentae
1400 2446 1619 2519 genus
1656 2420 2153 2517 inpudicitiae,
2201 2423 2388 2496 viros
2421 2426 2537 2496 in·

611 2548 808 2608 eunt.
857 2532 1066 2637 Quid
1104 2549 1272 2629 ergo
1311 2531 1722 2604 mirandum
1754 2546 1899 2619 est,
1933 2533 2331 2604 maximum
2366 2530 2539 2606 Me·-

612 2646 940 2718 dicorur'n
961 2693 986 2730 ,
1013 2667 1094 2714 ac
1130 2660 1423 2713 naturae
1454 2641 1954 2735 peritissimum
1975 2694 1999 2729 ,
2034 2644 2110 2714 in
2148 2644 2537 2726 mendacio

609 2750 915 2848 prendi,
963 2773 1193 2843 quum
1217 2765 1329 2821 tot
1362 2748 1669 2842 feminae
1696 2751 2113 2848 podagricae
2142 2755 2535 2852 calvaeque

607 2865 798 2937 sint?
824 2862 1260 2934 Beneficium
1285 2859 1491 2934 sexus
1506 2863 1645 2934 suis
1667 2863 1853 2934 vitiis
1878 2863 2379 2957 perdiderunt3
2402 2881 2479 2938 et
2502 2918 2532 2956 ,

610 2972 796 3065 quia‘
817 2970 1158 3042 feminam
1199 2987 1556 3042 exuerunt
1576 3013 1600 3058 ,
1638 2969 2013 3042 damnatae
2048 2988 2218 3043 sunt
2254 2975 2537 3048 morbis

608 3080 946 3153 virilibus.
995 3079 1298 3172 Antiqui
1325 3077 1593 3155 Medici
1636 3080 2043 3154 nesciebant
2078 3082 2242 3154 dare
2273 3084 2531 3162 cibum

497 3270 503 3277 ,
610 3190 916 3284 saepius,
944 3203 1018 3260 et
1040 3188 1210 3288 vino
1225 3187 1473 3260 fulcire
1489 3212 1699 3262 venas
1720 3189 2081 3276 cadentes;
2112 3192 2531 3265 nesciebant

611 3298 1026 3396 sanguinem
1071 3298 1353 3368 mittere
1377 3348 1401 3385 ,
1454 3312 1528 3368 et
1568 3297 1923 3368 diutinam
1966 3302 2535 3396 aegrotationem

609 3409 872 3482 balneo
897 3395 1423 3496 sudoribusque
1456 3407 1727 3491 laxare3
1762 3406 2209 3495 nesciebant,
2232 3432 2531 3480 crurum

609 3521 902 3592 vinculo
923 3519 1519 3612 brachiorumque
1537 3571 1560 3608 ,
1582 3521 1927 3592 latentem
1954 3521 2101 3616 vim
2120 3571 2143 3608 ,
2174 3537 2249 3593 et
2271 3522 2349 3592 in
2375 3507 2534 3594 me·

612 3629 736 3700 dio
763 3628 1156 3714 sedentem,
1179 3629 1270 3698 ad
1295 3645 1608 3700 extrema
1628 3635 1978 3704 revocare.
2020 3629 2094 3702 N
2100 3653 2197 3700 on
2222 3646 2371 3702 erat
2394 3654 2535 3704 ne-

612 3759 832 3825 cesse,
878 3739 1407 3832 circumspicere
1454 3743 1691 3814 multa
1731 3741 2163 3812 auxiliorum
2221 3763 2481 3838 genera
2498 3793 2531 3833 ‚

615 3867 850 3937 quum
868 3864 1092 3922 essent
1126 3846 1607 3943 periculorum
1630 3845 2061 3943 paucissima.
2106 3847 2325 3924 Nunc
2346 3873 2531 3926 vero

1544 4101 1553 4132 l
