2759 4825
485 391 544 462 E
589 391 648 463 1²
695 393 730 463 1
775 389 960 468 s·T
993 395 1064 466 o
1109 394 1286 466 LA
1361 397 1787 477 cxx1v··
1949 431 2079 506 225

172 545 394 619 deest.
435 545 652 620 Tunc
687 549 784 620 ad
831 550 1112 674 bonum
1136 554 1549 647 perveniet,
1594 583 1827 652 quum
1862 561 1955 632 ad
1979 584 2090 634 ra-

169 657 446 728 tionem
485 659 910 750 pervenerit.

265 762 387 836 Est
396 763 698 856 aliquod
717 763 1128 840 inrationale
1147 767 1439 844 animal·
1418 820 1439 858 ,
1472 788 1573 852 est
1592 775 1885 870 aliquod
1912 803 2089 854 non·

171 875 358 948 dum
401 880 783 966 rationale3
833 895 936 950 est
976 875 1376 972 rationale,¹
1412 885 1535 958 aed
1583 889 2081 982 inperfectum.
2142 955 2147 960 .

170 988 254 1058 In
273 991 486 1070 nullo
512 991 771 1062 horum
801 991 1080 1064 bonum
1106 1020 1122 1065 ε
1153 993 1334 1066 ratio
1360 997 1540 1070 illud
1560 993 1805 1072 secum
1828 1001 2081 1076 adfert.

171 1095 384 1200 Quid
408 1119 575 1194 ergo
601 1097 789 1173 inter
807 1097 930 1170 ista
950 1150 974 1187 ‚
1021 1125 1206 1194 quae
1233 1104 1445 1201 retuli
1462 1113 1502 1190 ,’
1528 1104 1737 1180 distat
1754 1109 1789 1178 ἓ
1834 1109 1917 1178 In
1943 1135 2033 1183 eo
2054 1161 2087 1200 ,

173 1205 380 1300 quod
405 1206 823 1282 inrationale
853 1227 955 1282 est
973 1265 994 1298 ‚
1040 1235 1441 1306 numquam
1469 1215 1600 1292 erit
1630 1215 1951 1290 bonum:
2001 1222 2085 1294 in

173 1339 294 1403 eo,
323 1316 531 1409 quod
552 1316 884 1394 nondum
907 1319 1246 1395 rationale
1267 1337 1400 1408 est,
1428 1341 1606 1396 tunc
1630 1349 1770 1396 esse
1798 1326 2081 1401 bonum

171 1449 323 1496 non
349 1443 622 1519 potest:
660 1429 734 1498 in
758 1453 888 1515 eo,
921 1429 1124 1522 quod
1147 1429 1490 1509 rationale
1518 1447 1656 1519 est,
1695 1433 1816 1504 sed
1843 1435 2083 1526 inper-

171 1533 438 1606 fectum
457 1584 482 1623 ,
525 1535 666 1611 iam
690 1551 926 1630 potest
949 1562 1092 1610 esse
1121 1539 1399 1614 bonum
1419 1589 1442 1624 ,
1490 1539 1611 1612 sed
1638 1564 1791 1612 non
1809 1559 1931 1613 est.
1974 1543 2089 1616 Ita

172 1642 370 1731 dico,
417 1643 691 1718 Lucili·
733 1646 1016 1720 Bonum
1063 1673 1212 1720 non
1250 1651 1326 1720 in
1367 1651 1699 1742 quolibet
1734 1676 2083 1749 corpoffi,¹

169 1775 320 1824 non
346 1755 424 1824 in
447 1753 766 1848 qualibet
791 1772 1018 1828 aetate
1041 1756 1437 1842 invenitur,
1469 1775 1555 1828 et
1567 1775 1849 1836 tantum
1880 1762 2081 1834 abest

169 1861 256 1936 ab
287 1860 626 1950 infantia,
666 1871 1022 1956 quantum
1063 1889 1102 1934 a
1143 1865 1376 1958 primo
1422 1864 1803 1955 ultimum,
1847 1891 2091 1960 quan-

170 1991 326 2046 tum
350 1974 486 2044 ab'
466 1973 672 2046 mitio
699 1972 1135 2066 perfectum:
1161 1996 1324 2070 ergo
1345 1995 1478 2044 nec
1506 1973 1581 2043 in
1612 1991 1893 2060 renem,
1922 2001 2080 2046 rno-

173 2081 264 2156 do
303 2084 782 2169 coalescente,
809 2083 1232 2177 corpusculo
1275 2098 1394 2152 est.
1446 2081 1727 2187 Quidni
1756 2108 1905 2154 non
1933 2086 2019 2156 sit
2042 2071 2093 2156 ἵ
2186 2089 2193 2098 ’

168 2215 314 2262 non
358 2191 576 2289 magis
607 2213 842 2284 quam·
868 2191 942 2261 in
979 2191 1266 2262 semine.
1297 2190 1485 2260 ‘Hoc
1522 2190 1576 2259 si
1616 2191 1837 2262 dicas:
1883 2194 2092 2282 ,‚ali-'

169 2297 368 2392 quod
393 2299 659 2370 arboris
689 2322 770 2370 ac
797 2300 922 2370 sati
955 2297 1234 2403 bonum
1267 2297 1633 2370 novimusz
1654 2306 1706 2344 ‘⁶
1749 2301 1887 2370 hoc
1920 2325 2077 2374 non

171 2406 364 2479 estin
399 2407 632 2501 prima
662 2404 916 2477 fronde
937 2457 959 2494 ‚
1009 2432 1196 2500 quae
1221 2407 1459 2479 emissa
1494 2430 1724 2498 quum
1758 2409 2089 2481 maxime.
2171 2492 2173 2494 ‚

117 2592 128 2610 ,
168 2520 394 2589 solum
440 2515 730 2609 rumpit.
777 2515 893 2587 Est
936 2514 1234 2608 aliquod
1285 2516 1565 2599 bonum
1622 2516 1877 2587 tritici:
1930 2518 2075 2596 hoc

111 2614 126 2637 ’
170 2624 496 2697 nondum‘
522 2640 620 2693 est
649 2625 718 2695 in
755 2624 974 2698 herba
1001 2626 1305 2697 lactente
1327 2673 1348 2711 ‚
1376 2648 1507 2695 nec
1534 2648 1769 2715 quum
1792 2624 2077 2698 follicu-

168 2732 236 2803 lo
261 2758 333 2804 se
362 2732 616 2803 exserit
653 2733 837 2826 spica
881 2733 1146 2820 mollis3
1191 2732 1312 2803 sed
1347 2756 1581 2824 quum
1622 2728 2081 2803 frumentum.

167 2860 372 2915 aestas
402 2861 476 2915 et
499 2842 740 2913 debita
767 2846 1124 2927 maturitas
1159 2844 1377 2915 coxit.
1420 2842 2073 2947 Quemadmodum

168 2952 393 3022 omnis
439 2968 685 3023 natura
726 2952 1007 3025 bonum
1051 2977 1312 3039 suum,
1353 2950 1485 3020 nisi
1531 2968 2073 3072 consiimmata„

166 3081 307 3131 non
337 3060 638 3182 profert·
664 3062 775 3133 ita
786 3063 1092 3134 hominis
1119 3061 1397 3134 bonum
1426 3082 1576 3129 non
1602 3058 1800 3131 estin
1822 3059 2081 3131 homi-

165 3193 296 3256 ne,
333 3169 464 3239 nisi
494 3194 726 3267 quum
751 3169 851 3243 illi
878 3171 1052 3243 ratio
1076 3170 1387 3265 perfecta
1411 3184 1527 3241 est.
1570 3167 1799 3271 Quod
1821 3190 2066 3243 autem
2135 3226 2146 3247 ,

167 3278 302 3350 hoc
345 3278 686 3351 bonum?
744 3281 1032 3356 Dicam:
1079 3280 1255 3353 liber
1300 3270 1581 3351 animus
1630 3294 1703 3349 et
1748 3296 2071 3367 erectus»,

163 3389 286 3459 alia
329 3389 708 3461 subiiciens
749 3391 952 3478 sibi,.
971 3418 1042 3463 se
1087 3391 1286 3466 nulli.
1349 3390 1512 3461 Hoc
1557 3358 1836 3461 bonum
1878 3390 2063 3459 adeo

164 3519 306 3569 non
332 3498 588 3593 recipit
614 3499 943 3587 infantia,
970 3518 1049 3573 ut
1077 3499 1374 3593 pueritia
1399 3520 1549 3570 non
1572 3512 1844 3589 speret,
1886 3496 2067 3575 adop
2166 3582 2173 3587 ,

163 3608 486 3679 lescentia
511 3610 818 3703 inprobe
837 3624 1084 3703 speret.
1113 3610 1300 3679 Bene
1319 3610 1545 3704 agitur
1568 3628 1735 3681 cum
1752 3622 2072 3677 senectu-⁴

161 3731 267 3804 te,
303 3718 361 3788 si
385 3718 476 3789 ad
507 3719 688 3791 illud
723 3722 943 3817 longo
970 3718 1208 3790 studio
1247 3722 1681 3810 intentoque
1710 3714 2062 3809 pervenit.

161 3822 234 3897 Si
253 3828 438 4010 holel'3
453 3906 458 3912 ,
473 3849 546 3906 et
571 3832 858 3907 bonum
881 3830 1284 3929 intelligibile
1306 3846 1453 3901 eet·

625 3972 630 3976 ’
872 3969 876 3975 ³
962 4016 970 4024 ,
1446 3954 1535 4027 15
