2759 4825
537 366 1353 467 EPls‘rotIA
1429 394 1757 474 xcm.
2016 430 2107 513 33

615 588 1268 667 EPISTOLA
1341 596 1677 675 XCIII.

127 754 144 797 Ι
167 722 263 779 De
277 740 443 780 morte
456 722 761 797 Philosophi
779 726 1139 792 MetronactiS,
1157 730 1246 799 qui
1267 730 1469 787 iuvenis
1486 734 1633 787 obiit.
1657 734 1836 787 Parum
1853 732 1905 789 id
1924 732 2114 798 refert}

311 832 372 871 et
385 820 490 870 vita
505 837 612 871 non
630 820 828 888 spado,
845 820 933 873 sed
949 833 1065 873 actu
1081 821 1331 877 metienda
1347 836 1449 879 est·
1472 826 1655 881 Omnis
1669 826 1801 883 bona
1820 846 1905 899 ea,
1926 832 2109 905 longn

215 940 226 951 ·
309 910 526 979 denique
541 902 680 965 ‘nihil
699 910 782 967 hie
805 914 1064 984 longum.-

554 1052 902 1127 SENECA
950 1055 1202 1128 Lucilio
1238 1084 1354 1129 suo
1394 1058 1711 1135 Salutem.

175 1154 312 1287 In
349 1216 682 1311 epistola,
721 1238 866 1312 qua
907 1218 998 1289 de
1037 1238 1270 1293 morte
1309 1221 1765 1307 Mettonnctis
1788 1225 2109 1319 philem-.-

172 1325 316 1417 phi
349 1325 785 1417 querebar'iS,
819 1346 1190 1421 tamquam
1213 1348 1286 1401 et
1313 1332 1659 1423 potuisset
1698 1334 1965 1407 diutius
2005 1338 2113 1407 vi·

176 1457 392 1521 vere,
423 1452 492 1505 et
529 1436 892 1507 debuisset
913 1486 936 1522 ,
971 1438 1406 1531 aequitatem
1448 1441 2103 1535 tuam-desideravi3

177 1566 366 1635 quae
405 1544 535 1615 tibi
585 1543 664 1615 in
701 1543 898 1615 omni
930 1569 1264 1637 persona,
1313 1550 1391 1619 in
1414 1551 1617 1621 omni
1661 1554 1955 1649 negotio
1984 1579 2107 1625 su-

172 1669 435 1747 perest;
470 1655 548 1725 in
579 1678 722 1725 una
749 1678 826 1725 re
865 1654 1097 1743 deest,
1129 1649 1389 1749 inqua
1418 1660 1777 1731 omnibus.
1829 1662 2105 1733 Multos

171 1760 418 1836 inveni
463 1790 735 1859 aequos
779 1766 1106 1839 adversus
1133 1766 1497 1855 homines3
1546 1770 1873 1841 adversus
1914 1772 2107 1843 Deos

171 1876 566 1951 neminem.
587 1877 1074 1974 Obiurgamus
1099 1881 1431 1973 quotidie
1450 1880 1720 1951 fatum:
1758 1884 1999 1986 Quare
2024 1884 2109 1953 il·

169 1983 334 2052 lem
360 1985 607 2055 medio
629 2006 838 2056 cursu
867 2004 1106 2078 raptus
1137 1987 1282 2056 est?
1325 2012 1545 2081 quare
1590 1989 1709 2059 ille
1736 2014 1889 2061 non
1916 1992 2109 2087 rapi·
2198 2076 2209 2088 ·

169 2096 338 2165 tur?
373 2122 604 2190 quare
633 2113 1076 2168 senectutem
1114 2114 1190 2168 et
1219 2097 1352 2168 sibi
1378 2116 1451 2169 et
1482 2099 1629 2170 aliis
1661 2124 1947 2196 gravem
1977 2125 2107 2173 ex·

165 2204 450 2279 tendit?
503 2192 810 2297 Utrum,
857 2206 1148 2278 obsecro
1179 2225 1251 2277 te
1271 2255 1294 2293 ‚
1343 2211 1641 2302 aequius
1678 2209 1982 2298 indicae,
2027 2228 2105 2283 te

167 2333 457 2387 naturae
476 2362 500 2407 ,
527 2340 624 2387 an
649 2316 788 2387 tibi
815 2341 1054 2407 parete
1076 2318 1453 2391 naturam?
1491 2318 1695 2421 Quid
1720 2334 1964 2389 autern
1990 2321 2104 2389 in·

168 2443 412 2514 terest,
447 2451 672 2522 quam
705 2427 848 2500 cito
873 2453 1074 2498 exeas
1095 2479 1117 2514 ,
1159 2429 1362 2502 unde
1394 2429 1648 2520 utique
1677 2429 2103 2528 exeundum

168 2537 314 2607 est?
335 2537 514 2610 Non
539 2587 566 2624 ‚
593 2553 683 2608 ut·
703 2536 831 2606 diu
875 2536 1193 2607 vivamus
1213 2587 1236 2623 ,
1266 2536 1669 2609 curandum
1696 2556 1836 2626 est,
1866 2537 1991 2609 §ed
2016 2553 2103 2611 ut

161 2647 336 2716 satis·
365 2647 562 2716 Nam
586 2696 608 2734 ,
651 2665 736 2716 ut
771 2646 896 2716 diu
929 2647 1116 2716 vivas
1140 2695 1163 2733 ,
1206 2643 1354 2714 fato
1378 2669 1560 2740 opus
1604 2662 1705 2715 est
1724 2667 1744 2731 3
1794 2662 1877 2717 ut
1900 2645 2101 2733 satis,

162 2758 424 2828 animo.
463 2755 712 2854 Longa
749 2771 851 2826 est
881 2754 1062 2842 vita,
1098 2755 1153 2824 si
1195 2755 1410 2848 plena
1440 2772 1581 2824 est:
1634 2753 1958 2846 inpletur
1978 2779 2105 2826 au·

161 2883 347 2952 tem,
396 2889 638 2959 quum
678 2864 952 2934 animus
986 2863 1120 2932 sibi
1161 2861 1451 2932 bonum
1492 2885 1703 2930 suum
1742 2860 2101 2948 reddidit,

161 2990 238 3044 et
261 2973 356 3043 ad
377 2999 450 3044 se
470 2987 892 3066 potestatem
913 2974 1018 3043 sui
1039 2971 1419 3042 transtulit.
1450 2971 1655 3076 Quid
1676 2971 1882 3041 illum
1900 2987 2104 3044 octo·

161 3081 362 3176 ginta
383 3083 552 3151 anni
595 3083 844 3151 iuvant
881 3105 1007 3173 per
1050 3080 1374 3148 inertiam
1408 3077 1684 3150 exacti?
1732 3101 1886 3149 non
1910 3079 2097 3154 vixit

161 3191 344 3279 iste,
393 3192 516 3262 sed
557 3191 636 3262 in
684 3191 828 3262 vita
861 3207 1172 3262 moratus
1218 3211 1354 3274 est;
1407 3214 1541 3261 nec
1570 3215 1719 3261 sero
1768 3207 2099 3263 mortuus

159 3315 280 3368 est
295 3349 322 3386 ,
350 3299 472 3368 sed
495 3298 644 3369 diu.
667 3300 1058 3396 Octoginta
1079 3302 1276 3370 annis
1299 3298 1513 3366 vixit!
1544 3297 1837 3368 Interest
1853 3349 1873 3385 ,
1908 3319 2101 3368 mor-

159 3426 316 3480 tem
347 3411 500 3479 eius
528 3435 616 3482 ex
643 3435 798 3504 quo
825 3410 942 3480 die
972 3433 1318 3480 numeres·
1366 3445 1437 3462 -··
1494 3407 1591 3477 At
1617 3408 1738 3478 ille
1768 3407 1957 3478 obiit
1992 3408 2099 3477 vi-

158 3519 362 3591 ridis!
397 3561 474 3574 -
514 3521 660 3594 Sed
699 3524 924 3593 officia
949 3523 1124 3592 boni
1153 3521 1355 3610 civis,
1404 3522 1585 3593 boni
1614 3521 1867 3608 amici,
1914 3517 2095 3590 boni

157 3628 320 3718 filii,
355 3653 802 3726 exsequutus
823 3651 962 3704 est·
942 3683 962 3717 ,
994 3633 1069 3702 in
1098 3634 1294 3702 nulla
1322 3649 1521 3725 parte
1546 3629 1848 3701 cessavit.
1895 3627 2095 3702 chet

153 3737 308 3808 eius
345 3757 530 3811 aetas
573 3739 964 3836 inperfecta
991 3743 1117 3830 sit,
1169 3744 1314 3813 vita
1337 3739 1649 3835 perfecta
1677 3755 1795 3809 est.
1858 3735 2097 3810 Octo-

153 3848 570 4023 gintalznnis
596 3853 818 3936 vixit!
857 3853 1094 3926 Immo
1121 3855 1481 3952 octoginta
1518 3845 1927 3948 annissuit.
1916 3850 1939 3895 '
1964 3848 2097 3920 nisi

1599 3969 1639 4043 3

1610 4061 1625 4094 1
