2759 4825
530 376 1339 524 ΕΡῙετοιᾼ
1424 406 1737 483 xmv.
1997 440 2095 512 47

174 558 380 653 quod
416 561 604 656 leges
647 584 946 653 quoque
983 562 1368 655 proficiunt
1406 567 1503 638 ad
1542 567 1777 640 bonos
1820 594 2087 658 mores;
2178 654 2199 672 .

175 673 430 761 utique
477 670 532 738 si
578 690 728 739 non
756 684 1038 741 tantum
1079 673 1477 766 imperant,
1515 676 1636 747 sed
1673 674 1959 751 docent.
2006 682 2093 753 In

173 780 302 849 hac
346 802 424 849 re
463 778 886 851 dissentio-a
933 781 1320 853 Poslno
1347 806 1395 854 N
1426 806 1453 855 1
1480 806 1577 872 03
1634 787 1801 880 qui,
1838 814 1973 883 pro
2002 816 2091 862 eo

174 886 380 976 quod
417 886 730 959 Platonis
758 887 1030 983 legibus
1061 890 1340 963 adiecta
1363 893 1713 987 principia
1734 914 1936 969 sunt:
1964 900 2093 972 Le-

169 1018 320 1087 gum
344 997 510 1065 enim
549 996 732 1091 [ait]
781 998 1030 1069 brevem
1065 1024 1196 1071 esse
1229 1018 1516 1099 oportet,
1561 1030 1681 1099 quo
1688 1004 1973 1103 facilius
2010 1010 2089 1081 ab

174 1104 466 1201 inperitis
489 1122 814 1179 teneatur.
872 1108 1054 1179 Velut
1079 1116 1305 1183 emissa
1331 1114 1641 1211 divinitus
1666 1137 1795 1187 vox
1821 1121 1945 1187 sit.-
1984 1123 2089 1189 iu·

181 1211 354 1287 beat.
381 1238 505 1284 non
535 1216 839 1318 disputet.
877 1216 1073 1287 Nihil
1093 1220 1346 1291 videtur
1367 1222 1899 1319 mihifrigidius,
1924 1227 2093 1295 nihil

177 1323 444 1421 ineptius
463 1376 488 1399 .
519 1352 718 1421 quam
741 1328 848 1406 lex
877 1353 1022 1399 cum
1035 1331 1320 1426 prologo.
1355 1332 1561 1401 Mane
1582 1383 1607 1406 ,
1644 1333 1785 1408 dic,
1812 1336 1969 1429 quid
1992 1361 2091 1406 me

179 1436 336 1506 velis
335 1436 624 1533 secisse!
655 1464 780 1509 non
807 1440 976 1511 disco
995 1494 1018 1516 ,
1041 1444 1161 1513 sed
1183 1468 1401 1541 pareo.
1458 1444 1850 1519 Proficiunt
1875 1471 2045 1519 vero
2064 1481 2089 1522 t

179 1542 414 1636 itaque
451 1548 653 1616 malis
701 1547 1024 1619 moribus
1075 1550 1178 1620 uti
1223 1549 1493 1621 videbis
1534 1551 1885 1641 civitates,
1932 1580 2083 1627 usas

178 1653 366 1721 malis
400 1654 700 1751 legibus,
733 1696 813 1754 -Χ
859 1655 956 1726 At
981 1680 1130 1729 non
1155 1661 1354 1753 apud
1380 1684 1631 1732 omnes
1658 1662 2081 1755 proficiunt!

181 1800 254 1814 —
278 1760 388 1831 Ne
413 1765 870 1859 philosophia
904 1766 1246 1859 quidem:
1287 1792 1422 1840 nec
1463 1768 1629 1839 ideo
1660 1770 1965 1856 inutilis,
2012 1786 2087 1841 et

180 1864 556 1941 formandis
577 1873 826 1943 animis
856 1875 1178 1945 inefficax
1207 1889 1336 1945 est:
1375 1874 1557 1967 quid
1595 1890 1837 1947 autem
1855 1876 2091 1949 Philo·

179 1979 408 2071 sophia
429 2032 454 2065 ‚
477 1982 606 2053 nisi
629 1982 816 2053 vitae
841 1983 962 2052 lex
987 1982 1140 2054 est?
1175 1979 1354 2069 Sed,
1378 1998 1718 2075 putemus
1740 2007 1891 2054 non
1916 2008 2087 2078 pro-

179 2084 368 2158 ficere
398 2090 646 2187 ‚leges3
686 2114 838 2161 non
875 2090 1042 2160 ideo
1085 2091 1443 2183 sequitur,
1482 2107 1565 2162 ut
1602 2114 1699 2161 ne
1736 2093 2085 2165 monitio-

179 2216 292 2265 nes
330 2197 635 2289 quidem
679 2198 1090 2290 proficiant:
1143 2216 1269 2271 aut
1313 2200 1408 2269 sic
1458 2215 1533 2269 et
1571 2201 2087 2273 consolationes

181 2326 340 2402 nega
387 2308 777 2401 proficere,
835 2309 1437 2403 dissuasionesque
1456 2360 1481 2397 ,
1532 2328 1607 2383 et
1651 2311 2087 2384 adhortatio-

180 2437 326 2507 nes,
351 2437 428 2490 et
453 2410 984 2520 obiurgationes
1000 2473 1028 2512 ‚
1055 2440 1126 2493 et
1151 2423 1612 2494 laudationes.
1658 2422 1928 2493 Omnia
1956 2423 2085 2496 ista

181 2531 660 2610 monitionum
697 2555 950 2628 genera
991 2549 1160 2606 sunt
1177 2558 1198 2620 3
1239 2557 1368 2625 per
1400 2532 1523 2604 ista
1562 2531 1651 2602 ad
1680 2529 2079 2626 perfectum

179 2636 380 2706 animi
423 2654 690 2710 statum
721 2640 1150 2732 pervenitur.
1204 2635 1417 2710 Nulla
1440 2663 1546 2710 res
1578 2639 1801 2740 magis
1830 2641 2083 2716 aniuffis

177 2741 458 2817 honesta
489 2748 736 2818 induit
758 2799 780 2836 ‚
818 2748 1220 2840 dubiosque
1257 2741 1429 2832 etin
1462 2773 1763 2843 pravum
1788 2749 2083 2822 inclina-

176 2851 332 2924 biles
377 2871 672 2930 sevocat
722 2859 810 2928 ad
857 2880 1177 2945 rectum,
1222 2881 1440 2950 quam
1490 2857 1855 2928 bonorum
1892 2857 2083 2928 viro·

174 2983 322 3034 rum
347 2949 810 3038 conversatio.
843 2968 1188 3038 Paulatim
1224 2967 1419 3038 enim
1450 2964 1814 3036 descendit
1846 2963 1921 3038 in
1944 2991 2080 3060 pe·-
2175 2987 2180 2996 ·

174 3086 388 3160 ctora,
437 3089 512 3144 et
548 3076 696 3145 vim
727 3078 1080 3170 praecepti
1127 3076 1411 3147 obtinet
1432 3126 1461 3163 ,.
1498 3073 1911 3166 frequenter
1952 3075 2081 3146 ad-

177 3183 372 3274 spici‚
390 3183 806 3278 frequenter
823 3187 1069 3258 audiri.
1097 3187 1451 3258 Occursus
1474 3186 1907 3256 mehercules
1928 3185 2079 3278 ipse

173 3293 588 3384 sapientium
617 3295 854 3385 iuvat3
887 3316 960 3366 et
984 3314 1086 3366 est
1107 3295 1378 3388 aliquid
1401 3346 1423 3382 ‚
1457 3296 1661 3386 quod
1692 3319 1782 3366 ex
1816 3319 2075 3392 magno

137 3402 322 3473 „viro
371 3407 486 3474 vel
527 3423 808 3478 tacente
851 3407 1184 3500 proficias.
1263 3407 1415 3476 Nec
1453 3404 1588 3478 tibi
1631 3405 1833 3476 facile
1874 3404 2077 3474 dixe-

168 3511 324 3600 rim,
349 3515 974 3606 quemadmodum
1000 3515 1223 3608 prosit
1240 3565 1263 3602 ,
1293 3513 1473 3584 sicut
1497 3513 1680 3582 illud
1712 3511 2073 3608 intellige,

166 3622 522 3712 profuisse.
573 3626 838 3702 Minuta
878 3626 1187 3722 quaedam
1204 3665 1234 3700 ,-
1273 3642 1358 3694 ut
1386 3623 1484 3694 ait
1529 3620 1584 3689 P
1611 3641 1661 3690 Η
1681 3640 1731 3690 A
1751 3639 1795 3688 Ε
1818 3639 1871 3698 D
1898 3639 1947 3690 o
1970 3639 2018 3690 Ν
2047 3669 2072 3708 ,

164 3732 511 3808 animalia,
562 3759 756 3830 quum
795 3731 1119 3808 mordent,
1173 3757 1295 3804 non
1335 3735 1744 3804 sentimur.-
1792 3729 1941 3806 oedeo
1983 3747 2107 3804 te-·

118 3877 126 3886 ‹
159 3843 298 3912 uuis
326 3843 468 3915 illis
503 3861 572 3916 et
598 3844 848 3942 fallens
867 3847 940 3918 in
960 3844 1321 3946 periculum
1346 3843 1443 3914 vis
1480 3855 1575 3910 est
1596 3866 1621 3910 .-
1666 3854 1873 3912 tumor
1898 3839 2069 3913 indi·
