<?xml version="1.0" encoding="UTF-8"?>
<!DOCTYPE html PUBLIC "-//W3C//DTD XHTML 1.0 Transitional//EN"
    "http://www.w3.org/TR/xhtml1/DTD/xhtml1-transitional.dtd">
<html xmlns="http://www.w3.org/1999/xhtml" xml:lang="en" lang="en">
 <head>
  <title>
</title>
<meta http-equiv="Content-Type" content="text/html;charset=utf-8" />
  <meta name='ocr-system' content='tesseract 3.04.00' />
  <meta name='ocr-capabilities' content='ocr_page ocr_carea ocr_par ocr_line ocrx_word'/>
</head>
<body>
  <div class='ocr_page' id='page_1' title='image "./lannaeisenecaea00bipogoog_0035.png"; bbox 0 0 2759 4825; ppageno 0'>
   <div class='ocr_carea' id='block_1_1' title="bbox 611 348 2169 491">
    <p class='ocr_par' dir='ltr' id='par_1_1' title="bbox 611 348 2169 491">
     <span class='ocr_line' id='line_1_1' title="bbox 611 348 2169 491; baseline 0.008 -34"><span class='ocrx_word' id='word_1_1' title='bbox 611 380 1445 461; x_wconf 72' lang='lat' dir='ltr'>EPISTOLA</span> <span class='ocrx_word' id='word_1_2' title='bbox 1518 348 1891 465; x_wconf 71' lang='lat' dir='ltr'><strong>Xon·</strong></span> <span class='ocrx_word' id='word_1_3' title='bbox 2077 414 2169 491; x_wconf 66' lang='grc' dir='ltr'>η</span> 
     </span>
    </p>
   </div>
   <div class='ocr_carea' id='block_1_2' title="bbox 212 544 2175 3924">
    <p class='ocr_par' dir='ltr' id='par_1_2' title="bbox 212 544 2175 3924">
     <span class='ocr_line' id='line_1_2' title="bbox 235 544 2163 637; baseline 0.001 -18"><span class='ocrx_word' id='word_1_4' title='bbox 235 545 730 619; x_wconf 67' lang='lat' dir='ltr'><strong>beatioeimum</strong></span> <span class='ocrx_word' id='word_1_5' title='bbox 779 558 994 631; x_wconf 81' lang='lat' dir='ltr'><strong>restat</strong></span> <span class='ocrx_word' id='word_1_6' title='bbox 1016 592 1039 630; x_wconf 90' lang='lat'><strong>‚</strong></span> <span class='ocrx_word' id='word_1_7' title='bbox 1089 568 1317 637; x_wconf 85' lang='lat' dir='ltr'><strong>quam</strong></span> <span class='ocrx_word' id='word_1_8' title='bbox 1345 572 1387 617; x_wconf 86' lang='lat' dir='ltr'><strong>a</strong></span> <span class='ocrx_word' id='word_1_9' title='bbox 1422 544 1681 617; x_wconf 85' lang='lat' dir='ltr'><strong>misero</strong></span> <span class='ocrx_word' id='word_1_10' title='bbox 1714 545 1809 617; x_wconf 89' lang='lat' dir='ltr'><strong>ad</strong></span> <span class='ocrx_word' id='word_1_11' title='bbox 1848 544 2163 619; x_wconf 83' lang='lat' dir='ltr'><strong>beatum.</strong></span> 
     </span>
     <span class='ocr_line' id='line_1_3' title="bbox 243 656 2165 750; baseline -0.002 -21"><span class='ocrx_word' id='word_1_12' title='bbox 243 658 376 729; x_wconf 75' lang='lat' dir='ltr'><strong>An</strong></span> <span class='ocrx_word' id='word_1_13' title='bbox 395 710 414 742; x_wconf 93' lang='lat'>,</span> <span class='ocrx_word' id='word_1_14' title='bbox 459 680 640 749; x_wconf 81' lang='lat' dir='ltr'><strong>qnae</strong></span> <span class='ocrx_word' id='word_1_15' title='bbox 668 679 776 727; x_wconf 89' lang='lat' dir='ltr'><strong>res</strong></span> <span class='ocrx_word' id='word_1_16' title='bbox 809 670 1096 725; x_wconf 84' lang='lat' dir='ltr'><strong>tantum</strong></span> <span class='ocrx_word' id='word_1_17' title='bbox 1123 659 1314 729; x_wconf 84' lang='lat' dir='ltr'><strong>valet</strong></span> <span class='ocrx_word' id='word_1_18' title='bbox 1335 710 1358 747; x_wconf 89' lang='lat'>‚</span> <span class='ocrx_word' id='word_1_19' title='bbox 1400 676 1482 729; x_wconf 88' lang='lat' dir='ltr'><strong>ut</strong></span> <span class='ocrx_word' id='word_1_20' title='bbox 1510 675 1835 750; x_wconf 84' lang='lat' dir='ltr'><strong>ereptum</strong></span> <span class='ocrx_word' id='word_1_21' title='bbox 1879 656 2165 728; x_wconf 86' lang='lat' dir='ltr'><strong>calami-</strong></span> 
     </span>
     <span class='ocr_line' id='line_1_4' title="bbox 247 764 2167 858; baseline -0.001 -20"><span class='ocrx_word' id='word_1_22' title='bbox 247 768 512 839; x_wconf 77' lang='lat' dir='ltr'><strong>tatibus</strong></span> <span class='ocrx_word' id='word_1_23' title='bbox 573 768 760 837; x_wconf 87' lang='lat' dir='ltr'><strong>inter</strong></span> <span class='ocrx_word' id='word_1_24' title='bbox 807 764 1054 834; x_wconf 86' lang='lat' dir='ltr'><strong>beatos</strong></span> <span class='ocrx_word' id='word_1_25' title='bbox 1103 766 1293 836; x_wconf 89' lang='lat' dir='ltr'><strong>locet</strong></span> <span class='ocrx_word' id='word_1_26' title='bbox 1313 815 1336 852; x_wconf 91' lang='lat'><strong>,</strong></span> <span class='ocrx_word' id='word_1_27' title='bbox 1384 789 1537 855; x_wconf 75' lang='lat' dir='ltr'><strong>non</strong></span> <span class='ocrx_word' id='word_1_28' title='bbox 1580 781 1819 858; x_wconf 81' lang='lat' dir='ltr'><strong>potest</strong></span> <span class='ocrx_word' id='word_1_29' title='bbox 1862 764 2167 837; x_wconf 86' lang='lat' dir='ltr'><strong>adiicere</strong></span> 
     </span>
     <span class='ocr_line' id='line_1_5' title="bbox 247 873 2165 977; baseline -0.001 -31"><span class='ocrx_word' id='word_1_30' title='bbox 247 876 450 971; x_wconf 84' lang='lat' dir='ltr'><strong>quod</strong></span> <span class='ocrx_word' id='word_1_31' title='bbox 475 891 790 967; x_wconf 79' lang='lat' dir='ltr'>superest</span> <span class='ocrx_word' id='word_1_32' title='bbox 807 924 828 959; x_wconf 92' lang='lat'>,</span> <span class='ocrx_word' id='word_1_33' title='bbox 862 888 944 942; x_wconf 89' lang='lat' dir='ltr'><strong>ut</strong></span> <span class='ocrx_word' id='word_1_34' title='bbox 973 873 1455 945; x_wconf 86' lang='lat' dir='ltr'><strong>beatissimum</strong></span> <span class='ocrx_word' id='word_1_35' title='bbox 1482 875 1736 977; x_wconf 66' lang='lat' dir='ltr'><strong>faciat?</strong></span> <span class='ocrx_word' id='word_1_36' title='bbox 1768 876 1843 945; x_wconf 82' lang='lat' dir='ltr'><strong>in</strong></span> <span class='ocrx_word' id='word_1_37' title='bbox 1872 898 2165 946; x_wconf 84' lang='lat' dir='ltr'><strong>summo</strong></span> 
     </span>
     <span class='ocr_line' id='line_1_6' title="bbox 245 980 2165 1068; baseline -0.001 -13"><span class='ocrx_word' id='word_1_38' title='bbox 245 983 480 1055; x_wconf 79' lang='lat' dir='ltr'><strong>deficit</strong></span> <span class='ocrx_word' id='word_1_39' title='bbox 505 982 748 1053; x_wconf 84' lang='lat' dir='ltr'><strong>clivo?</strong></span> <span class='ocrx_word' id='word_1_40' title='bbox 795 980 1208 1053; x_wconf 87' lang='lat' dir='ltr'><strong>Commoda</strong></span> <span class='ocrx_word' id='word_1_41' title='bbox 1247 981 1519 1053; x_wconf 84' lang='lat' dir='ltr'><strong>suntin</strong></span> <span class='ocrx_word' id='word_1_42' title='bbox 1545 981 1689 1053; x_wconf 85' lang='lat' dir='ltr'><strong>vita</strong></span> <span class='ocrx_word' id='word_1_43' title='bbox 1705 1030 1730 1068; x_wconf 89' lang='lat'><strong>,</strong></span> <span class='ocrx_word' id='word_1_44' title='bbox 1783 996 1857 1051; x_wconf 91' lang='lat' dir='ltr'><strong>et</strong></span> <span class='ocrx_word' id='word_1_45' title='bbox 1880 981 2165 1053; x_wconf 83' lang='lat' dir='ltr'><strong>incom-</strong></span> 
     </span>
     <span class='ocr_line' id='line_1_7' title="bbox 247 1088 2157 1185; baseline -0.001 -22"><span class='ocrx_word' id='word_1_46' title='bbox 247 1093 488 1176; x_wconf 84' lang='lat' dir='ltr'><strong>:moda3</strong></span> <span class='ocrx_word' id='word_1_47' title='bbox 519 1108 828 1185; x_wconf 81' lang='lat' dir='ltr'><strong>utraque</strong></span> <span class='ocrx_word' id='word_1_48' title='bbox 855 1108 1052 1162; x_wconf 81' lang='lat' dir='ltr'><strong>extra</strong></span> <span class='ocrx_word' id='word_1_49' title='bbox 1075 1114 1227 1161; x_wconf 85' lang='lat' dir='ltr'><strong>nos.</strong></span> <span class='ocrx_word' id='word_1_50' title='bbox 1250 1088 1323 1161; x_wconf 87' lang='lat' dir='ltr'><strong>Si</strong></span> <span class='ocrx_word' id='word_1_51' title='bbox 1349 1115 1501 1161; x_wconf 88' lang='lat' dir='ltr'><strong>non</strong></span> <span class='ocrx_word' id='word_1_52' title='bbox 1524 1107 1629 1163; x_wconf 84' lang='lat' dir='ltr'><strong>est</strong></span> <span class='ocrx_word' id='word_1_53' title='bbox 1656 1090 1863 1161; x_wconf 86' lang='lat' dir='ltr'><strong>miser</strong></span> <span class='ocrx_word' id='word_1_54' title='bbox 1884 1092 1991 1161; x_wconf 85' lang='lat' dir='ltr'><strong>vir</strong></span> <span class='ocrx_word' id='word_1_55' title='bbox 2018 1091 2157 1161; x_wconf 89' lang='lat' dir='ltr'><strong>bo-</strong></span> 
     </span>
     <span class='ocr_line' id='line_1_8' title="bbox 254 1186 2159 1292; baseline 0 -23"><span class='ocrx_word' id='word_1_56' title='bbox 254 1222 408 1286; x_wconf 84' lang='lat' dir='ltr'><strong>nus,</strong></span> <span class='ocrx_word' id='word_1_57' title='bbox 451 1200 784 1292; x_wconf 75' lang='lat' dir='ltr'><strong>quamvis</strong></span> <span class='ocrx_word' id='word_1_58' title='bbox 833 1186 1174 1270; x_wconf 61' lang='lat' dir='ltr'><strong>omuibus</strong></span> <span class='ocrx_word' id='word_1_59' title='bbox 1223 1217 1587 1291; x_wconf 82' lang='lat' dir='ltr'><strong>prematur</strong></span> <span class='ocrx_word' id='word_1_60' title='bbox 1634 1199 2159 1286; x_wconf 80' lang='lat' dir='ltr'><strong>incommodis3</strong></span> 
     </span>
     <span class='ocr_line' id='line_1_9' title="bbox 252 1308 2160 1402; baseline 0.001 -22"><span class='ocrx_word' id='word_1_61' title='bbox 252 1310 622 1402; x_wconf 89' lang='lat' dir='ltr'><strong>quomodo</strong></span> <span class='ocrx_word' id='word_1_62' title='bbox 655 1331 808 1379; x_wconf 87' lang='lat' dir='ltr'><strong>non</strong></span> <span class='ocrx_word' id='word_1_63' title='bbox 835 1320 936 1378; x_wconf 85' lang='lat' dir='ltr'><strong>est</strong></span> <span class='ocrx_word' id='word_1_64' title='bbox 965 1308 1399 1381; x_wconf 87' lang='lat' dir='ltr'><strong>beatissimus</strong></span> <span class='ocrx_word' id='word_1_65' title='bbox 1423 1360 1444 1395; x_wconf 88' lang='lat'><strong>‚</strong></span> <span class='ocrx_word' id='word_1_66' title='bbox 1478 1309 1534 1379; x_wconf 84' lang='lat' dir='ltr'><strong>si</strong></span> <span class='ocrx_word' id='word_1_67' title='bbox 1564 1310 1927 1401; x_wconf 76' lang='lat' dir='ltr'>aliquibus</span> <span class='ocrx_word' id='word_1_68' title='bbox 1954 1334 2160 1381; x_wconf 85' lang='lat' dir='ltr'><strong>com-</strong></span> 
     </span>
     <span class='ocr_line' id='line_1_10' title="bbox 253 1418 2159 1511; baseline 0.002 -24"><span class='ocrx_word' id='word_1_69' title='bbox 253 1418 466 1488; x_wconf 86' lang='lat' dir='ltr'><strong>modis</strong></span> <span class='ocrx_word' id='word_1_70' title='bbox 487 1418 869 1491; x_wconf 83' lang='lat' dir='ltr'><strong>deficitur?</strong></span> <span class='ocrx_word' id='word_1_71' title='bbox 896 1419 970 1491; x_wconf 94' lang='lat' dir='ltr'>N</span> <span class='ocrx_word' id='word_1_72' title='bbox 973 1445 1086 1489; x_wconf 84' lang='lat' dir='ltr'><strong>am</strong></span> <span class='ocrx_word' id='word_1_73' title='bbox 1109 1419 1731 1511; x_wconf 85' lang='lat' dir='ltr'><strong>quemadmodum</strong></span> <span class='ocrx_word' id='word_1_74' title='bbox 1752 1420 2159 1492; x_wconf 86' lang='lat' dir='ltr'><strong>incommo-</strong></span> 
     </span>
     <span class='ocr_line' id='line_1_11' title="bbox 252 1525 2153 1629; baseline 0.002 -35"><span class='ocrx_word' id='word_1_75' title='bbox 252 1525 500 1597; x_wconf 85' lang='lat' dir='ltr'><strong>dorum</strong></span> <span class='ocrx_word' id='word_1_76' title='bbox 527 1552 748 1599; x_wconf 86' lang='lat' dir='ltr'><strong>onere</strong></span> <span class='ocrx_word' id='word_1_77' title='bbox 773 1551 1002 1629; x_wconf 85' lang='lat' dir='ltr'><strong>usque</strong></span> <span class='ocrx_word' id='word_1_78' title='bbox 1025 1527 1118 1597; x_wconf 91' lang='lat' dir='ltr'><strong>ad</strong></span> <span class='ocrx_word' id='word_1_79' title='bbox 1145 1528 1483 1600; x_wconf 87' lang='lat' dir='ltr'><strong>miserum</strong></span> <span class='ocrx_word' id='word_1_80' title='bbox 1514 1552 1663 1599; x_wconf 86' lang='lat' dir='ltr'><strong>non</strong></span> <span class='ocrx_word' id='word_1_81' title='bbox 1686 1528 2153 1621; x_wconf 82' lang='lat' dir='ltr'><strong>deprimitur,</strong></span> 
     </span>
     <span class='ocr_line' id='line_1_12' title="bbox 245 1630 2157 1731; baseline 0.003 -26"><span class='ocrx_word' id='word_1_82' title='bbox 245 1636 326 1706; x_wconf 87' lang='lat' dir='ltr'><strong>sic</strong></span> <span class='ocrx_word' id='word_1_83' title='bbox 349 1637 912 1708; x_wconf 86' lang='lat' dir='ltr'><strong>commodorum</strong></span> <span class='ocrx_word' id='word_1_84' title='bbox 945 1638 1192 1731; x_wconf 89' lang='lat' dir='ltr'><strong>inopia</strong></span> <span class='ocrx_word' id='word_1_85' title='bbox 1231 1662 1380 1707; x_wconf 87' lang='lat' dir='ltr'><strong>non</strong></span> <span class='ocrx_word' id='word_1_86' title='bbox 1416 1638 1799 1710; x_wconf 87' lang='lat' dir='ltr'><strong>deducitur</strong></span> <span class='ocrx_word' id='word_1_87' title='bbox 1830 1666 1871 1710; x_wconf 86' lang='lat' dir='ltr'><strong>a</strong></span> <span class='ocrx_word' id='word_1_88' title='bbox 1904 1630 2157 1710; x_wconf 85' lang='lat' dir='ltr'><strong>beatis-</strong></span> 
     </span>
     <span class='ocr_line' id='line_1_13' title="bbox 239 1750 2151 1837; baseline 0.001 -18"><span class='ocrx_word' id='word_1_89' title='bbox 239 1750 444 1837; x_wconf 77' lang='lat' dir='ltr'><strong>sim03</strong></span> <span class='ocrx_word' id='word_1_90' title='bbox 503 1751 634 1821; x_wconf 90' lang='lat' dir='ltr'><strong>sed</strong></span> <span class='ocrx_word' id='word_1_91' title='bbox 677 1768 824 1821; x_wconf 86' lang='lat' dir='ltr'><strong>tam</strong></span> <span class='ocrx_word' id='word_1_92' title='bbox 865 1750 1016 1821; x_wconf 86' lang='lat' dir='ltr'><strong>sine</strong></span> <span class='ocrx_word' id='word_1_93' title='bbox 1065 1752 1469 1821; x_wconf 88' lang='lat' dir='ltr'><strong>commodis</strong></span> <span class='ocrx_word' id='word_1_94' title='bbox 1510 1751 1945 1821; x_wconf 85' lang='lat' dir='ltr'><strong>beatissimus</strong></span> <span class='ocrx_word' id='word_1_95' title='bbox 1992 1771 2096 1822; x_wconf 91' lang='lat' dir='ltr'><strong>est</strong></span> <span class='ocrx_word' id='word_1_96' title='bbox 2124 1798 2151 1837; x_wconf 87' lang='lat'><strong><em>‚</em></strong></span> 
     </span>
     <span class='ocr_line' id='line_1_14' title="bbox 235 1858 2175 1951; baseline 0.001 -25"><span class='ocrx_word' id='word_1_97' title='bbox 235 1880 454 1948; x_wconf 85' lang='lat' dir='ltr'><strong>quam</strong></span> <span class='ocrx_word' id='word_1_98' title='bbox 489 1882 646 1929; x_wconf 85' lang='lat' dir='ltr'><strong>non·</strong></span> <span class='ocrx_word' id='word_1_99' title='bbox 669 1873 772 1929; x_wconf 91' lang='lat' dir='ltr'><strong>est</strong></span> <span class='ocrx_word' id='word_1_100' title='bbox 797 1859 930 1929; x_wconf 86' lang='lat' dir='ltr'><strong>sub</strong></span> <span class='ocrx_word' id='word_1_101' title='bbox 955 1858 1447 1929; x_wconf 84' lang='lat' dir='ltr'><strong>incommodis</strong></span> <span class='ocrx_word' id='word_1_102' title='bbox 1473 1859 1722 1931; x_wconf 83' lang='lat' dir='ltr'><strong>miser:</strong></span> <span class='ocrx_word' id='word_1_103' title='bbox 1762 1872 1889 1929; x_wconf 88' lang='lat' dir='ltr'><strong>aut</strong></span> <span class='ocrx_word' id='word_1_104' title='bbox 1914 1872 2175 1951; x_wconf 87' lang='lat' dir='ltr'><strong>potest·</strong></span> 
     </span>
     <span class='ocr_line' id='line_1_15' title="bbox 230 1966 2153 2063; baseline 0.002 -26"><span class='ocrx_word' id='word_1_105' title='bbox 230 1966 322 2037; x_wconf 83' lang='lat' dir='ltr'><strong>ini</strong></span> <span class='ocrx_word' id='word_1_106' title='bbox 349 1972 524 2062; x_wconf 85' lang='lat' dir='ltr'><strong>eripi</strong></span> <span class='ocrx_word' id='word_1_107' title='bbox 551 1971 836 2041; x_wconf 82' lang='lat' dir='ltr'><strong>bonum</strong></span> <span class='ocrx_word' id='word_1_108' title='bbox 865 1994 1075 2039; x_wconf 86' lang='lat' dir='ltr'><strong>suum</strong></span> <span class='ocrx_word' id='word_1_109' title='bbox 1093 2022 1116 2056; x_wconf 91' lang='lat'><strong>,</strong></span> <span class='ocrx_word' id='word_1_110' title='bbox 1141 1971 1194 2040; x_wconf 87' lang='lat' dir='ltr'><strong>si</strong></span> <span class='ocrx_word' id='word_1_111' title='bbox 1223 1987 1459 2063; x_wconf 83' lang='lat' dir='ltr'><strong>potest</strong></span> <span class='ocrx_word' id='word_1_112' title='bbox 1486 1970 1736 2041; x_wconf 82' lang='lat' dir='ltr'><strong>minui.</strong></span> <span class='ocrx_word' id='word_1_113' title='bbox 1780 1971 2001 2041; x_wconf 88' lang='lat' dir='ltr'><strong>Paulo</strong></span> <span class='ocrx_word' id='word_1_114' title='bbox 2028 1994 2153 2041; x_wconf 86' lang='lat' dir='ltr'><strong>an·</strong></span> 
     </span>
     <span class='ocr_line' id='line_1_16' title="bbox 231 2077 2149 2178; baseline 0.004 -33"><span class='ocrx_word' id='word_1_115' title='bbox 231 2094 299 2149; x_wconf 87' lang='lat' dir='ltr'><strong>te</strong></span> <span class='ocrx_word' id='word_1_116' title='bbox 323 2077 698 2167; x_wconf 80' lang='lat' dir='ltr'><strong>dicebam,</strong></span> <span class='ocrx_word' id='word_1_117' title='bbox 740 2081 1140 2178; x_wconf 86' lang='lat' dir='ltr'><strong>igniculum</strong></span> <span class='ocrx_word' id='word_1_118' title='bbox 1175 2079 1352 2151; x_wconf 86' lang='lat' dir='ltr'><strong>nihil</strong></span> <span class='ocrx_word' id='word_1_119' title='bbox 1382 2078 1705 2152; x_wconf 87' lang='lat' dir='ltr'><strong>conferre</strong></span> <span class='ocrx_word' id='word_1_120' title='bbox 1730 2081 1989 2151; x_wconf 89' lang='lat' dir='ltr'><strong>lumini</strong></span> <span class='ocrx_word' id='word_1_121' title='bbox 2032 2107 2149 2153; x_wconf 87' lang='lat' dir='ltr'><strong>so·-</strong></span> 
     </span>
     <span class='ocr_line' id='line_1_17' title="bbox 225 2189 2146 2283; baseline 0.002 -26"><span class='ocrx_word' id='word_1_122' title='bbox 225 2189 340 2277; x_wconf 72' lang='lat'><strong>13⁸3</strong></span> <span class='ocrx_word' id='word_1_123' title='bbox 383 2192 704 2262; x_wconf 87' lang='lat' dir='ltr'><strong>claritate</strong></span> <span class='ocrx_word' id='word_1_124' title='bbox 741 2193 934 2261; x_wconf 86' lang='lat' dir='ltr'><strong>enim</strong></span> <span class='ocrx_word' id='word_1_125' title='bbox 978 2190 1162 2276; x_wconf 68' lang='lat' dir='ltr'><strong>eim,</strong></span> <span class='ocrx_word' id='word_1_126' title='bbox 1199 2190 1569 2283; x_wconf 88' lang='lat' dir='ltr'><strong>quidquid</strong></span> <span class='ocrx_word' id='word_1_127' title='bbox 1604 2192 1753 2259; x_wconf 89' lang='lat' dir='ltr'><strong>sine</strong></span> <span class='ocrx_word' id='word_1_128' title='bbox 1783 2189 1907 2261; x_wconf 90' lang='lat' dir='ltr'><strong>illo</strong></span> <span class='ocrx_word' id='word_1_129' title='bbox 1943 2194 2146 2263; x_wconf 87' lang='lat' dir='ltr'><strong>luce-</strong></span> 
     </span>
     <span class='ocr_line' id='line_1_18' title="bbox 226 2300 2147 2393; baseline -0.002 -21"><span class='ocrx_word' id='word_1_130' title='bbox 226 2317 368 2390; x_wconf 86' lang='lat' dir='ltr'><strong>ret,</strong></span> <span class='ocrx_word' id='word_1_131' title='bbox 407 2303 892 2385; x_wconf 74' lang='lat' dir='ltr'><strong>absconditur.</strong></span> <span class='ocrx_word' id='word_1_132' title='bbox 937 2342 1008 2355; x_wconf 91' lang='lat'><strong>--</strong></span> <span class='ocrx_word' id='word_1_133' title='bbox 1066 2302 1208 2373; x_wconf 88' lang='lat' dir='ltr'><strong>Sed</strong></span> <span class='ocrx_word' id='word_1_134' title='bbox 1237 2302 1590 2393; x_wconf 85' lang='lat' dir='ltr'><strong>quaedam</strong></span> <span class='ocrx_word' id='word_1_135' title='bbox 1620 2300 1966 2390; x_wconf 73' lang='lat' dir='ltr'><strong>‚-inquit,</strong></span> <span class='ocrx_word' id='word_1_136' title='bbox 2010 2301 2147 2371; x_wconf 86' lang='lat' dir='ltr'><strong>soli</strong></span> 
     </span>
     <span class='ocr_line' id='line_1_19' title="bbox 231 2411 2143 2507; baseline -0.001 -25"><span class='ocrx_word' id='word_1_137' title='bbox 231 2435 530 2506; x_wconf 83' lang='lat' dir='ltr'><strong>quoque</strong></span> <span class='ocrx_word' id='word_1_138' title='bbox 555 2414 862 2488; x_wconf 80' lang='lat' dir='ltr'><strong>obstant.</strong></span> <span class='ocrx_word' id='word_1_139' title='bbox 898 2455 969 2468; x_wconf 90' lang='lat'><strong>--</strong></span> <span class='ocrx_word' id='word_1_140' title='bbox 1008 2415 1106 2484; x_wconf 89' lang='lat' dir='ltr'><strong>At</strong></span> <span class='ocrx_word' id='word_1_141' title='bbox 1131 2415 1292 2485; x_wconf 84' lang='lat' dir='ltr'><strong>solis</strong></span> <span class='ocrx_word' id='word_1_142' title='bbox 1317 2412 1421 2484; x_wconf 87' lang='lat' dir='ltr'><strong>vis</strong></span> <span class='ocrx_word' id='word_1_143' title='bbox 1448 2430 1519 2482; x_wconf 88' lang='lat' dir='ltr'><strong>et</strong></span> <span class='ocrx_word' id='word_1_144' title='bbox 1546 2414 1675 2480; x_wconf 84' lang='lat' dir='ltr'><strong>lux</strong></span> <span class='ocrx_word' id='word_1_145' title='bbox 1702 2411 1975 2507; x_wconf 85' lang='lat' dir='ltr'><strong>integra</strong></span> <span class='ocrx_word' id='word_1_146' title='bbox 2003 2432 2143 2497; x_wconf 86' lang='lat' dir='ltr'><strong>est,</strong></span> 
     </span>
     <span class='ocr_line' id='line_1_20' title="bbox 227 2519 2145 2617; baseline 0 -28"><span class='ocrx_word' id='word_1_147' title='bbox 227 2521 434 2590; x_wconf 83' lang='lat' dir='ltr'><strong>etiam</strong></span> <span class='ocrx_word' id='word_1_148' title='bbox 483 2521 670 2592; x_wconf 74' lang='lat' dir='ltr'><strong>inter</strong></span> <span class='ocrx_word' id='word_1_149' title='bbox 697 2525 1054 2617; x_wconf 83' lang='lat' dir='ltr'><strong>opposita3</strong></span> <span class='ocrx_word' id='word_1_150' title='bbox 1103 2539 1172 2593; x_wconf 89' lang='lat' dir='ltr'><strong>et</strong></span> <span class='ocrx_word' id='word_1_151' title='bbox 1191 2573 1212 2611; x_wconf 87' lang='lat'>‚</span> <span class='ocrx_word' id='word_1_152' title='bbox 1259 2520 1584 2614; x_wconf 85' lang='lat' dir='ltr'><strong>quamvis</strong></span> <span class='ocrx_word' id='word_1_153' title='bbox 1627 2519 1901 2612; x_wconf 88' lang='lat' dir='ltr'><strong>aliquid</strong></span> <span class='ocrx_word' id='word_1_154' title='bbox 1930 2521 2145 2590; x_wconf 85' lang='lat' dir='ltr'><strong>inter·</strong></span> 
     </span>
     <span class='ocr_line' id='line_1_21' title="bbox 225 2626 2145 2722; baseline 0 -24"><span class='ocrx_word' id='word_1_155' title='bbox 225 2626 399 2698; x_wconf 86' lang='lat' dir='ltr'><strong>iacet</strong></span> <span class='ocrx_word' id='word_1_156' title='bbox 417 2678 444 2716; x_wconf 87' lang='lat'>‚</span> <span class='ocrx_word' id='word_1_157' title='bbox 473 2628 682 2720; x_wconf 91' lang='lat' dir='ltr'><strong>quod</strong></span> <span class='ocrx_word' id='word_1_158' title='bbox 709 2651 842 2700; x_wconf 86' lang='lat' dir='ltr'><strong>nos</strong></span> <span class='ocrx_word' id='word_1_159' title='bbox 875 2632 1249 2722; x_wconf 82' lang='lat' dir='ltr'><strong>prohibeat</strong></span> <span class='ocrx_word' id='word_1_160' title='bbox 1281 2631 1429 2700; x_wconf 85' lang='lat' dir='ltr'><strong>eius</strong></span> <span class='ocrx_word' id='word_1_161' title='bbox 1456 2630 1835 2721; x_wconf 86' lang='lat' dir='ltr'><strong>adspectu,</strong></span> <span class='ocrx_word' id='word_1_162' title='bbox 1856 2628 1935 2698; x_wconf 87' lang='lat' dir='ltr'><strong>in</strong></span> <span class='ocrx_word' id='word_1_163' title='bbox 1966 2651 2145 2720; x_wconf 89' lang='lat' dir='ltr'><strong>ope-</strong></span> 
     </span>
     <span class='ocr_line' id='line_1_22' title="bbox 221 2737 2147 2842; baseline 0 -34"><span class='ocrx_word' id='word_1_164' title='bbox 221 2759 294 2808; x_wconf 79' lang='lat' dir='ltr'><strong>re</strong></span> <span class='ocrx_word' id='word_1_165' title='bbox 317 2755 420 2808; x_wconf 84' lang='lat' dir='ltr'><strong>est</strong></span> <span class='ocrx_word' id='word_1_166' title='bbox 443 2790 466 2820; x_wconf 87' lang='lat'><strong>,</strong></span> <span class='ocrx_word' id='word_1_167' title='bbox 497 2761 710 2810; x_wconf 82' lang='lat' dir='ltr'><strong>cursu</strong></span> <span class='ocrx_word' id='word_1_168' title='bbox 733 2765 864 2810; x_wconf 88' lang='lat' dir='ltr'><strong>suo</strong></span> <span class='ocrx_word' id='word_1_169' title='bbox 887 2737 1128 2816; x_wconf 76' lang='lat' dir='ltr'><strong>fertur.</strong></span> <span class='ocrx_word' id='word_1_170' title='bbox 1165 2741 1529 2842; x_wconf 75' lang='lat' dir='ltr'><strong>Quotiens</strong></span> <span class='ocrx_word' id='word_1_171' title='bbox 1557 2740 1741 2808; x_wconf 83' lang='lat' dir='ltr'><strong>inter</strong></span> <span class='ocrx_word' id='word_1_172' title='bbox 1762 2737 2011 2837; x_wconf 80' lang='lat' dir='ltr'><strong>nubila</strong></span> <span class='ocrx_word' id='word_1_173' title='bbox 2034 2738 2147 2808; x_wconf 87' lang='lat' dir='ltr'><strong>lu·</strong></span> 
     </span>
     <span class='ocr_line' id='line_1_23' title="bbox 223 2844 2141 2936; baseline 0.001 -24"><span class='ocrx_word' id='word_1_174' title='bbox 223 2844 326 2913; x_wconf 81' lang='lat' dir='ltr'><strong>xit</strong></span> <span class='ocrx_word' id='word_1_175' title='bbox 351 2895 376 2930; x_wconf 90' lang='lat'>‚</span> <span class='ocrx_word' id='word_1_176' title='bbox 415 2869 578 2914; x_wconf 86' lang='lat' dir='ltr'><strong>non</strong></span> <span class='ocrx_word' id='word_1_177' title='bbox 617 2863 720 2916; x_wconf 89' lang='lat' dir='ltr'><strong>est</strong></span> <span class='ocrx_word' id='word_1_178' title='bbox 763 2870 1008 2918; x_wconf 85' lang='lat' dir='ltr'><strong>sereno</strong></span> <span class='ocrx_word' id='word_1_179' title='bbox 1037 2846 1319 2935; x_wconf 86' lang='lat' dir='ltr'><strong>min—or,</strong></span> <span class='ocrx_word' id='word_1_180' title='bbox 1365 2871 1461 2916; x_wconf 90' lang='lat' dir='ltr'><strong>ne</strong></span> <span class='ocrx_word' id='word_1_181' title='bbox 1492 2845 1757 2914; x_wconf 87' lang='lat' dir='ltr'><strong>tardior</strong></span> <span class='ocrx_word' id='word_1_182' title='bbox 1790 2845 2141 2936; x_wconf 75' lang='lat' dir='ltr'><strong>quidem3</strong></span> 
     </span>
     <span class='ocr_line' id='line_1_24' title="bbox 223 2949 2145 3043; baseline 0.002 -23"><span class='ocrx_word' id='word_1_183' title='bbox 223 2951 576 3043; x_wconf 79' lang='lat' dir='ltr'><strong>quoniam</strong></span> <span class='ocrx_word' id='word_1_184' title='bbox 615 2955 928 3023; x_wconf 87' lang='lat' dir='ltr'><strong>multum</strong></span> <span class='ocrx_word' id='word_1_185' title='bbox 961 2954 1279 3039; x_wconf 85' lang='lat' dir='ltr'><strong>interest,</strong></span> <span class='ocrx_word' id='word_1_186' title='bbox 1319 2973 1563 3022; x_wconf 84' lang='lat' dir='ltr'><strong>utrum</strong></span> <span class='ocrx_word' id='word_1_187' title='bbox 1604 2949 1879 3043; x_wconf 87' lang='lat' dir='ltr'><strong>aliquid</strong></span> <span class='ocrx_word' id='word_1_188' title='bbox 1906 2952 2145 3028; x_wconf 80' lang='lat' dir='ltr'><strong>obstet</strong></span> 
     </span>
     <span class='ocr_line' id='line_1_25' title="bbox 217 3059 2143 3154; baseline 0.001 -25"><span class='ocrx_word' id='word_1_189' title='bbox 217 3076 540 3146; x_wconf 83' lang='lat' dir='ltr'><strong>tantum,</strong></span> <span class='ocrx_word' id='word_1_190' title='bbox 563 3083 650 3130; x_wconf 86' lang='lat' dir='ltr'><strong>an</strong></span> <span class='ocrx_word' id='word_1_191' title='bbox 684 3061 1024 3153; x_wconf 87' lang='lat' dir='ltr'><strong>inpediat.</strong></span> <span class='ocrx_word' id='word_1_192' title='bbox 1061 3062 1344 3133; x_wconf 87' lang='lat' dir='ltr'><strong>Eodem</strong></span> <span class='ocrx_word' id='word_1_193' title='bbox 1369 3060 1597 3132; x_wconf 87' lang='lat' dir='ltr'><strong>modo</strong></span> <span class='ocrx_word' id='word_1_194' title='bbox 1614 3059 1886 3132; x_wconf 85' lang='lat' dir='ltr'><strong>Virtuti</strong></span> <span class='ocrx_word' id='word_1_195' title='bbox 1908 3085 2143 3154; x_wconf 87' lang='lat' dir='ltr'><strong>oppo-</strong></span> 
     </span>
     <span class='ocr_line' id='line_1_26' title="bbox 225 3165 2139 3254; baseline 0 -16"><span class='ocrx_word' id='word_1_196' title='bbox 225 3168 351 3238; x_wconf 80' lang='lat' dir='ltr'><strong>sita</strong></span> <span class='ocrx_word' id='word_1_197' title='bbox 395 3169 578 3238; x_wconf 88' lang='lat' dir='ltr'><strong>nihil</strong></span> <span class='ocrx_word' id='word_1_198' title='bbox 623 3165 1029 3242; x_wconf 76' lang='lat' dir='ltr'><strong>detrahunt.</strong></span> <span class='ocrx_word' id='word_1_199' title='bbox 1087 3171 1258 3242; x_wconf 82' lang='lat' dir='ltr'><strong>Nou</strong></span> <span class='ocrx_word' id='word_1_200' title='bbox 1295 3186 1397 3241; x_wconf 88' lang='lat' dir='ltr'><strong>est</strong></span> <span class='ocrx_word' id='word_1_201' title='bbox 1438 3171 1713 3254; x_wconf 76' lang='lat' dir='ltr'><strong>minor,</strong></span> <span class='ocrx_word' id='word_1_202' title='bbox 1750 3167 1873 3238; x_wconf 87' lang='lat' dir='ltr'><strong>sed</strong></span> <span class='ocrx_word' id='word_1_203' title='bbox 1900 3169 2139 3240; x_wconf 86' lang='lat' dir='ltr'><strong>minus</strong></span> 
     </span>
     <span class='ocr_line' id='line_1_27' title="bbox 223 3275 2135 3373; baseline -0.001 -27"><span class='ocrx_word' id='word_1_204' title='bbox 223 3275 481 3373; x_wconf 80' lang='lat' dir='ltr'><strong>fulget:</strong></span> <span class='ocrx_word' id='word_1_205' title='bbox 509 3277 724 3348; x_wconf 86' lang='lat' dir='ltr'><strong>nobis</strong></span> <span class='ocrx_word' id='word_1_206' title='bbox 755 3278 1039 3348; x_wconf 78' lang='lat' dir='ltr'><strong>forsitan</strong></span> <span class='ocrx_word' id='word_1_207' title='bbox 1071 3301 1220 3348; x_wconf 89' lang='lat' dir='ltr'><strong>non</strong></span> <span class='ocrx_word' id='word_1_208' title='bbox 1243 3301 1471 3368; x_wconf 90' lang='lat' dir='ltr'><strong>aeque</strong></span> <span class='ocrx_word' id='word_1_209' title='bbox 1496 3277 1786 3369; x_wconf 82' lang='lat' dir='ltr'><strong>adparet</strong></span> <span class='ocrx_word' id='word_1_210' title='bbox 1808 3301 1889 3348; x_wconf 90' lang='lat' dir='ltr'><strong>ac</strong></span> <span class='ocrx_word' id='word_1_211' title='bbox 1914 3279 2135 3363; x_wconf 81' lang='lat' dir='ltr'><strong>nitet3</strong></span> 
     </span>
     <span class='ocr_line' id='line_1_28' title="bbox 213 3387 2140 3478; baseline -0.002 -20"><span class='ocrx_word' id='word_1_212' title='bbox 213 3387 359 3458; x_wconf 83' lang='lat' dir='ltr'><strong>sibi</strong></span> <span class='ocrx_word' id='word_1_213' title='bbox 390 3387 634 3460; x_wconf 88' lang='lat' dir='ltr'><strong>eadem</strong></span> <span class='ocrx_word' id='word_1_214' title='bbox 662 3412 800 3476; x_wconf 84' lang='lat' dir='ltr'><strong>est,</strong></span> <span class='ocrx_word' id='word_1_215' title='bbox 849 3406 962 3476; x_wconf 89' lang='lat' dir='ltr'><strong>et,</strong></span> <span class='ocrx_word' id='word_1_216' title='bbox 995 3412 1198 3460; x_wconf 89' lang='lat' dir='ltr'><strong>more</strong></span> <span class='ocrx_word' id='word_1_217' title='bbox 1215 3390 1378 3458; x_wconf 88' lang='lat' dir='ltr'><strong>solis</strong></span> <span class='ocrx_word' id='word_1_218' title='bbox 1408 3388 1732 3478; x_wconf 84' lang='lat' dir='ltr'><strong>obscuri,</strong></span> <span class='ocrx_word' id='word_1_219' title='bbox 1780 3389 1856 3460; x_wconf 90' lang='lat' dir='ltr'><strong>in</strong></span> <span class='ocrx_word' id='word_1_220' title='bbox 1895 3389 2140 3459; x_wconf 87' lang='lat' dir='ltr'><strong>occul-</strong></span> 
     </span>
     <span class='ocr_line' id='line_1_29' title="bbox 212 3497 2141 3590; baseline 0 -24"><span class='ocrx_word' id='word_1_221' title='bbox 212 3513 296 3567; x_wconf 87' lang='lat' dir='ltr'><strong>to</strong></span> <span class='ocrx_word' id='word_1_222' title='bbox 323 3497 472 3568; x_wconf 87' lang='lat' dir='ltr'><strong>vim</strong></span> <span class='ocrx_word' id='word_1_223' title='bbox 495 3523 702 3570; x_wconf 87' lang='lat' dir='ltr'><strong>suam</strong></span> <span class='ocrx_word' id='word_1_224' title='bbox 731 3517 1030 3570; x_wconf 80' lang='lat' dir='ltr'><strong>exercet.</strong></span> <span class='ocrx_word' id='word_1_225' title='bbox 1087 3498 1249 3582; x_wconf 83' lang='lat' dir='ltr'><strong>Hoc</strong></span> <span class='ocrx_word' id='word_1_226' title='bbox 1267 3498 1509 3590; x_wconf 84' lang='lat' dir='ltr'><strong>itaque</strong></span> <span class='ocrx_word' id='word_1_227' title='bbox 1530 3501 1863 3570; x_wconf 85' lang='lat' dir='ltr'><strong>adversus</strong></span> <span class='ocrx_word' id='word_1_228' title='bbox 1890 3497 2141 3566; x_wconf 80' lang='lat' dir='ltr'><strong>Virtu-</strong></span> 
     </span>
     <span class='ocr_line' id='line_1_30' title="bbox 213 3603 2133 3698; baseline 0.001 -23"><span class='ocrx_word' id='word_1_229' title='bbox 213 3621 364 3676; x_wconf 86' lang='lat' dir='ltr'><strong>tem</strong></span> <span class='ocrx_word' id='word_1_230' title='bbox 407 3627 708 3698; x_wconf 84' lang='lat' dir='ltr'><strong>possunt</strong></span> <span class='ocrx_word' id='word_1_231' title='bbox 742 3609 1159 3679; x_wconf 84' lang='lat' dir='ltr'><strong>calamitates</strong></span> <span class='ocrx_word' id='word_1_232' title='bbox 1182 3657 1204 3694; x_wconf 91' lang='lat'>,</span> <span class='ocrx_word' id='word_1_233' title='bbox 1243 3623 1316 3678; x_wconf 87' lang='lat' dir='ltr'><strong>et</strong></span> <span class='ocrx_word' id='word_1_234' title='bbox 1349 3609 1647 3695; x_wconf 86' lang='lat' dir='ltr'><strong>damna,</strong></span> <span class='ocrx_word' id='word_1_235' title='bbox 1696 3627 1766 3676; x_wconf 90' lang='lat' dir='ltr'><strong>et</strong></span> <span class='ocrx_word' id='word_1_236' title='bbox 1800 3603 2133 3694; x_wconf 83' lang='lat' dir='ltr'><strong>iniuriae,</strong></span> 
     </span>
     <span class='ocr_line' id='line_1_31' title="bbox 215 3717 2013 3818; baseline -0.001 -34"><span class='ocrx_word' id='word_1_237' title='bbox 215 3717 428 3809; x_wconf 84' lang='lat' dir='ltr'><strong>quod</strong></span> <span class='ocrx_word' id='word_1_238' title='bbox 447 3719 786 3790; x_wconf 82' lang='lat' dir='ltr'><strong>adversus</strong></span> <span class='ocrx_word' id='word_1_239' title='bbox 811 3719 1035 3789; x_wconf 84' lang='lat' dir='ltr'><strong>solem</strong></span> <span class='ocrx_word' id='word_1_240' title='bbox 1065 3734 1308 3812; x_wconf 89' lang='lat' dir='ltr'><strong>potest</strong></span> <span class='ocrx_word' id='word_1_241' title='bbox 1329 3717 1617 3788; x_wconf 83' lang='lat' dir='ltr'><strong>nebula.</strong></span> <span class='ocrx_word' id='word_1_242' title='bbox 2006 3809 2013 3818; x_wconf 91' lang='lat'><em>.</em></span> 
     </span>
     <span class='ocr_line' id='line_1_32' title="bbox 306 3825 2133 3924; baseline 0.002 -30"><span class='ocrx_word' id='word_1_243' title='bbox 306 3825 694 3910; x_wconf 81' lang='lat' dir='ltr'><strong>Invenitur</strong></span> <span class='ocrx_word' id='word_1_244' title='bbox 717 3828 846 3922; x_wconf 86' lang='lat' dir='ltr'><strong>q&#39;ui</strong></span> <span class='ocrx_word' id='word_1_245' title='bbox 869 3828 1058 3902; x_wconf 84' lang='lat' dir='ltr'><strong>dicat</strong></span> <span class='ocrx_word' id='word_1_246' title='bbox 1073 3878 1098 3919; x_wconf 91' lang='lat'><strong>,</strong></span> <span class='ocrx_word' id='word_1_247' title='bbox 1125 3827 1544 3924; x_wconf 84' lang='lat' dir='ltr'><strong>Sapientem·</strong></span> <span class='ocrx_word' id='word_1_248' title='bbox 1558 3849 1855 3921; x_wconf 88' lang='lat' dir='ltr'><strong>corpore</strong></span> <span class='ocrx_word' id='word_1_249' title='bbox 1870 3850 2133 3921; x_wconf 85' lang='lat' dir='ltr'><strong>parum</strong></span> 
     </span>
    </p>
   </div>
  </div>
 </body>
</html>
