<?xml version="1.0" encoding="UTF-8"?>
<!DOCTYPE html PUBLIC "-//W3C//DTD XHTML 1.0 Transitional//EN"
    "http://www.w3.org/TR/xhtml1/DTD/xhtml1-transitional.dtd">
<html xmlns="http://www.w3.org/1999/xhtml" xml:lang="en" lang="en">
 <head>
  <title>
</title>
<meta http-equiv="Content-Type" content="text/html;charset=utf-8" />
  <meta name='ocr-system' content='tesseract 3.04.00' />
  <meta name='ocr-capabilities' content='ocr_page ocr_carea ocr_par ocr_line ocrx_word'/>
</head>
<body>
  <div class='ocr_page' id='page_1' title='image "./lannaeisenecaea00bipogoog_0066.png"; bbox 0 0 2759 4825; ppageno 0'>
   <div class='ocr_carea' id='block_1_1' title="bbox 643 362 2161 484">
    <p class='ocr_par' dir='ltr' id='par_1_1' title="bbox 643 362 2161 484">
     <span class='ocr_line' id='line_1_1' title="bbox 643 362 2161 484; baseline -0.007 -19"><span class='ocrx_word' id='word_1_1' title='bbox 643 382 727 484; x_wconf 78' lang='lat'>58</span> <span class='ocrx_word' id='word_1_2' title='bbox 1041 382 1126 457; x_wconf 89' lang='lat' dir='ltr'>L.</span> <span class='ocrx_word' id='word_1_3' title='bbox 1174 362 1613 459; x_wconf 77' lang='lat' dir='ltr'>ANNAEi</span> <span class='ocrx_word' id='word_1_4' title='bbox 1656 377 2161 457; x_wconf 83' lang='lat' dir='ltr'><strong>SENECAE</strong></span> 
     </span>
    </p>
   </div>
   <div class='ocr_carea' id='block_1_2' title="bbox 594 542 2571 2605">
    <p class='ocr_par' dir='ltr' id='par_1_2' title="bbox 629 542 2567 1741">
     <span class='ocr_line' id='line_1_2' title="bbox 633 542 2553 639; baseline -0.004 -17"><span class='ocrx_word' id='word_1_5' title='bbox 633 549 873 637; x_wconf 84' lang='lat' dir='ltr'>ciunt,</span> <span class='ocrx_word' id='word_1_6' title='bbox 916 546 1242 621; x_wconf 81' lang='lat' dir='ltr'>nesciunt</span> <span class='ocrx_word' id='word_1_7' title='bbox 1271 546 1501 620; x_wconf 85' lang='lat' dir='ltr'>facere</span> <span class='ocrx_word' id='word_1_8' title='bbox 1525 568 1599 617; x_wconf 81' lang='lat' dir='ltr'>se</span> <span class='ocrx_word' id='word_1_9' title='bbox 1630 560 1838 617; x_wconf 71' lang='lat' dir='ltr'>necte.</span> <span class='ocrx_word' id='word_1_10' title='bbox 1880 543 1957 617; x_wconf 95' lang='lat' dir='ltr'>N</span> <span class='ocrx_word' id='word_1_11' title='bbox 1958 568 2057 617; x_wconf 86' lang='lat' dir='ltr'>on</span> <span class='ocrx_word' id='word_1_12' title='bbox 2084 558 2319 639; x_wconf 80' lang='lat' dir='ltr'>potest</span> <span class='ocrx_word' id='word_1_13' title='bbox 2346 542 2553 615; x_wconf 82' lang='lat' dir='ltr'>enim</span> 
     </span>
     <span class='ocr_line' id='line_1_3' title="bbox 633 654 2561 752; baseline -0.004 -22"><span class='ocrx_word' id='word_1_14' title='bbox 633 661 1058 752; x_wconf 82' lang='lat' dir='ltr'>quisquam,</span> <span class='ocrx_word' id='word_1_15' title='bbox 1093 657 1228 729; x_wconf 81' lang='lat' dir='ltr'>nisi</span> <span class='ocrx_word' id='word_1_16' title='bbox 1261 654 1587 729; x_wconf 80' lang='lat' dir='ltr'>abinitio</span> <span class='ocrx_word' id='word_1_17' title='bbox 1623 654 1969 726; x_wconf 79' lang='lat' dir='ltr'>formatus</span> <span class='ocrx_word' id='word_1_18' title='bbox 1990 670 2065 727; x_wconf 90' lang='lat' dir='ltr'>et</span> <span class='ocrx_word' id='word_1_19' title='bbox 2097 669 2249 731; x_wconf 89' lang='lat' dir='ltr'>tota</span> <span class='ocrx_word' id='word_1_20' title='bbox 2268 655 2561 745; x_wconf 82' lang='lat' dir='ltr'>ratione</span> 
     </span>
     <span class='ocr_line' id='line_1_4' title="bbox 633 766 2559 863; baseline -0.004 -20"><span class='ocrx_word' id='word_1_21' title='bbox 633 774 1068 863; x_wconf 84' lang='lat' dir='ltr'>compositus</span> <span class='ocrx_word' id='word_1_22' title='bbox 1093 819 1116 856; x_wconf 91' lang='lat'>,</span> <span class='ocrx_word' id='word_1_23' title='bbox 1171 790 1419 839; x_wconf 85' lang='lat' dir='ltr'>omnes</span> <span class='ocrx_word' id='word_1_24' title='bbox 1454 766 1747 860; x_wconf 81' lang='lat' dir='ltr'><strong>exsequi</strong></span> <span class='ocrx_word' id='word_1_25' title='bbox 1786 790 2163 853; x_wconf 80' lang='lat' dir='ltr'>numeros,</span> <span class='ocrx_word' id='word_1_26' title='bbox 2206 778 2292 837; x_wconf 86' lang='lat' dir='ltr'>ut</span> <span class='ocrx_word' id='word_1_27' title='bbox 2332 766 2506 835; x_wconf 87' lang='lat' dir='ltr'>sciat</span> <span class='ocrx_word' id='word_1_28' title='bbox 2527 812 2559 851; x_wconf 87' lang='lat'><strong>,</strong></span> 
     </span>
     <span class='ocr_line' id='line_1_5' title="bbox 633 875 2558 973; baseline -0.003 -25"><span class='ocrx_word' id='word_1_29' title='bbox 633 876 932 971; x_wconf 87' lang='lat' dir='ltr'>quando</span> <span class='ocrx_word' id='word_1_30' title='bbox 963 893 1336 973; x_wconf 82' lang='lat' dir='ltr'>oporteat,</span> <span class='ocrx_word' id='word_1_31' title='bbox 1384 891 1457 945; x_wconf 89' lang='lat' dir='ltr'>et</span> <span class='ocrx_word' id='word_1_32' title='bbox 1490 875 1567 945; x_wconf 86' lang='lat' dir='ltr'>in</span> <span class='ocrx_word' id='word_1_33' title='bbox 1598 895 1994 967; x_wconf 82' lang='lat' dir='ltr'>quantum,</span> <span class='ocrx_word' id='word_1_34' title='bbox 2045 890 2119 944; x_wconf 83' lang='lat' dir='ltr'>et</span> <span class='ocrx_word' id='word_1_35' title='bbox 2144 896 2315 945; x_wconf 86' lang='lat' dir='ltr'>cum</span> <span class='ocrx_word' id='word_1_36' title='bbox 2344 896 2507 965; x_wconf 87' lang='lat' dir='ltr'>quo</span> <span class='ocrx_word' id='word_1_37' title='bbox 2528 920 2558 958; x_wconf 86' lang='lat'><strong>,</strong></span> 
     </span>
     <span class='ocr_line' id='line_1_6' title="bbox 633 981 2559 1091; baseline -0.005 -31"><span class='ocrx_word' id='word_1_38' title='bbox 633 1005 706 1060; x_wconf 86' lang='lat' dir='ltr'>et</span> <span class='ocrx_word' id='word_1_39' title='bbox 727 986 1370 1079; x_wconf 83' lang='lat' dir='ltr'>quemadmodum.</span> <span class='ocrx_word' id='word_1_40' title='bbox 1402 987 1645 1091; x_wconf 72' lang='lat' dir='ltr'>Quare</span> <span class='ocrx_word' id='word_1_41' title='bbox 1674 1008 1838 1064; x_wconf 82' lang='lat' dir='ltr'>non.</span> <span class='ocrx_word' id='word_1_42' title='bbox 1859 1002 2095 1077; x_wconf 79' lang='lat' dir='ltr'>potest</span> <span class='ocrx_word' id='word_1_43' title='bbox 2114 998 2273 1055; x_wconf 90' lang='lat' dir='ltr'>toto</span> <span class='ocrx_word' id='word_1_44' title='bbox 2298 981 2559 1054; x_wconf 84' lang='lat' dir='ltr'>animo</span> 
     </span>
     <span class='ocr_line' id='line_1_7' title="bbox 629 1089 2563 1187; baseline -0.004 -20"><span class='ocrx_word' id='word_1_45' title='bbox 629 1097 726 1167; x_wconf 71' lang='lat' dir='ltr'>ad</span> <span class='ocrx_word' id='word_1_46' title='bbox 759 1098 1052 1167; x_wconf 84' lang='lat' dir='ltr'>honesta</span> <span class='ocrx_word' id='word_1_47' title='bbox 1078 1095 1358 1180; x_wconf 75' lang='lat' dir='ltr'>conari,</span> <span class='ocrx_word' id='word_1_48' title='bbox 1388 1118 1485 1167; x_wconf 90' lang='lat' dir='ltr'>ne</span> <span class='ocrx_word' id='word_1_49' title='bbox 1508 1111 1917 1168; x_wconf 78' lang='lat' dir='ltr'>constanter</span> <span class='ocrx_word' id='word_1_50' title='bbox 1944 1093 2291 1187; x_wconf 85' lang='lat' dir='ltr'>quidem,</span> <span class='ocrx_word' id='word_1_51' title='bbox 2316 1108 2448 1163; x_wconf 88' lang='lat' dir='ltr'>aut</span> <span class='ocrx_word' id='word_1_52' title='bbox 2472 1089 2563 1159; x_wconf 82' lang='lat' dir='ltr'>li·-</span> 
     </span>
     <span class='ocr_line' id='line_1_8' title="bbox 633 1188 2567 1297; baseline -0.004 -20"><span class='ocrx_word' id='word_1_53' title='bbox 633 1207 924 1291; x_wconf 64' lang='lat' dir='ltr'>benten</span> <span class='ocrx_word' id='word_1_54' title='bbox 949 1204 1076 1276; x_wconf 87' lang='lat' dir='ltr'>sed</span> <span class='ocrx_word' id='word_1_55' title='bbox 1098 1203 1451 1297; x_wconf 77' lang='lat' dir='ltr'><strong>respiciet,</strong></span> <span class='ocrx_word' id='word_1_56' title='bbox 1482 1203 1606 1275; x_wconf 81' lang='lat' dir='ltr'>sed</span> <span class='ocrx_word' id='word_1_57' title='bbox 1630 1188 2017 1275; x_wconf 81' lang='lat' dir='ltr'><strong>haesitabit.</strong></span> <span class='ocrx_word' id='word_1_58' title='bbox 2046 1226 2119 1255; x_wconf 81' lang='grc'>’-</span> <span class='ocrx_word' id='word_1_59' title='bbox 2152 1252 2205 1289; x_wconf 86' lang='grc'>,,</span> <span class='ocrx_word' id='word_1_60' title='bbox 2222 1197 2299 1271; x_wconf 85' lang='lat' dir='ltr'>Si</span> <span class='ocrx_word' id='word_1_61' title='bbox 2326 1200 2567 1274; x_wconf 79' lang='lat' dir='ltr'>hone-</span> 
     </span>
     <span class='ocr_line' id='line_1_9' title="bbox 633 1310 2558 1405; baseline -0.004 -20"><span class='ocrx_word' id='word_1_62' title='bbox 633 1335 772 1400; x_wconf 84' lang='lat' dir='ltr'>sta,</span> <span class='ocrx_word' id='word_1_63' title='bbox 793 1312 1033 1405; x_wconf 84' lang='lat' dir='ltr'>inquit</span> <span class='ocrx_word' id='word_1_64' title='bbox 1051 1364 1074 1400; x_wconf 89' lang='lat'>,</span> <span class='ocrx_word' id='word_1_65' title='bbox 1111 1314 1296 1383; x_wconf 87' lang='lat' dir='ltr'>actio</span> <span class='ocrx_word' id='word_1_66' title='bbox 1325 1336 1419 1385; x_wconf 79' lang='lat' dir='ltr'>ex</span> <span class='ocrx_word' id='word_1_67' title='bbox 1454 1313 1847 1405; x_wconf 79' lang='lat' dir='ltr'>praeceptis</span> <span class='ocrx_word' id='word_1_68' title='bbox 1868 1311 2107 1397; x_wconf 82' lang='lat' dir='ltr'>venit,</span> <span class='ocrx_word' id='word_1_69' title='bbox 2138 1310 2236 1385; x_wconf 81' lang='lat' dir='ltr'>ad</span> <span class='ocrx_word' id='word_1_70' title='bbox 2261 1310 2558 1381; x_wconf 79' lang='lat' dir='ltr'>beatam</span> 
     </span>
     <span class='ocr_line' id='line_1_10' title="bbox 634 1418 2565 1515; baseline -0.003 -22"><span class='ocrx_word' id='word_1_71' title='bbox 634 1423 854 1493; x_wconf 77' lang='lat' dir='ltr'>vitam</span> <span class='ocrx_word' id='word_1_72' title='bbox 898 1438 1270 1515; x_wconf 81' lang='lat' dir='ltr'>praecepta</span> <span class='ocrx_word' id='word_1_73' title='bbox 1295 1421 1586 1493; x_wconf 81' lang='lat' dir='ltr'>abunde</span> <span class='ocrx_word' id='word_1_74' title='bbox 1624 1437 1826 1495; x_wconf 71' lang='lat' dir='ltr'>suntz</span> <span class='ocrx_word' id='word_1_75' title='bbox 1868 1418 2076 1515; x_wconf 81' lang='lat' dir='ltr'>atqui</span> <span class='ocrx_word' id='word_1_76' title='bbox 2103 1418 2328 1491; x_wconf 80' lang='lat' dir='ltr'>illud:</span> <span class='ocrx_word' id='word_1_77' title='bbox 2381 1440 2565 1513; x_wconf 84' lang='lat' dir='ltr'>ergo</span> 
     </span>
     <span class='ocr_line' id='line_1_11' title="bbox 635 1530 2567 1623; baseline -0.003 -21"><span class='ocrx_word' id='word_1_78' title='bbox 635 1548 708 1603; x_wconf 89' lang='lat' dir='ltr'>et</span> <span class='ocrx_word' id='word_1_79' title='bbox 737 1532 962 1602; x_wconf 88' lang='lat' dir='ltr'>hoc.“</span> <span class='ocrx_word' id='word_1_80' title='bbox 1001 1571 1072 1585; x_wconf 90' lang='lat'><em>-</em></span> <span class='ocrx_word' id='word_1_81' title='bbox 1127 1530 1258 1601; x_wconf 85' lang='lat' dir='ltr'>His</span> <span class='ocrx_word' id='word_1_82' title='bbox 1291 1530 1847 1623; x_wconf 80' lang='lat' dir='ltr'>respondemus:</span> <span class='ocrx_word' id='word_1_83' title='bbox 1882 1530 2190 1607; x_wconf 80' lang='lat' dir='ltr'>actiones</span> <span class='ocrx_word' id='word_1_84' title='bbox 2224 1530 2567 1602; x_wconf 78' lang='lat' dir='ltr'>honestas</span> 
     </span>
     <span class='ocr_line' id='line_1_12' title="bbox 636 1632 2313 1741; baseline -0.002 -28"><span class='ocrx_word' id='word_1_85' title='bbox 636 1667 669 1713; x_wconf 82' lang='lat' dir='ltr'>e</span> <span class='ocrx_word' id='word_1_86' title='bbox 686 1660 714 1713; x_wconf 76' lang='lat' dir='ltr'><em>e</em></span> <span class='ocrx_word' id='word_1_87' title='bbox 725 1647 1089 1741; x_wconf 81' lang='lat' dir='ltr'>praeceptis</span> <span class='ocrx_word' id='word_1_88' title='bbox 1113 1638 1301 1725; x_wconf 84' lang='lat' dir='ltr'>fieri3</span> <span class='ocrx_word' id='word_1_89' title='bbox 1337 1664 1538 1726; x_wconf 88' lang='lat' dir='ltr'>non,</span> <span class='ocrx_word' id='word_1_90' title='bbox 1579 1661 1606 1710; x_wconf 83' lang='lat' dir='ltr'>t</span> <span class='ocrx_word' id='word_1_91' title='bbox 1626 1667 1665 1710; x_wconf 85' lang='lat' dir='ltr'><strong><em>a</em></strong></span> <span class='ocrx_word' id='word_1_92' title='bbox 1682 1666 1721 1709; x_wconf 89' lang='lat' dir='ltr'>n</span> <span class='ocrx_word' id='word_1_93' title='bbox 1743 1658 1770 1711; x_wconf 84' lang='lat' dir='ltr'>t</span> <span class='ocrx_word' id='word_1_94' title='bbox 1790 1666 1833 1709; x_wconf 85' lang='lat' dir='ltr'>u</span> <span class='ocrx_word' id='word_1_95' title='bbox 1851 1666 1915 1709; x_wconf 90' lang='lat' dir='ltr'><em>m</em></span> <span class='ocrx_word' id='word_1_96' title='bbox 1936 1632 2313 1738; x_wconf 73' lang='lat' dir='ltr'>praeceptis.</span> 
     </span>
    </p>

    <p class='ocr_par' dir='ltr' id='par_1_3' title="bbox 594 1748 2571 2605">
     <span class='ocr_line' id='line_1_13' title="bbox 739 1748 2565 1871; baseline -0.001 -52"><span class='ocrx_word' id='word_1_97' title='bbox 739 1800 790 1837; x_wconf 82' lang='lat'>‚‚</span> <span class='ocrx_word' id='word_1_98' title='bbox 809 1748 898 1821; x_wconf 89' lang='lat' dir='ltr'>Si·</span> <span class='ocrx_word' id='word_1_99' title='bbox 893 1752 1126 1839; x_wconf 84' lang='lat' dir='ltr'>·aliae,</span> <span class='ocrx_word' id='word_1_100' title='bbox 1157 1750 1445 1871; x_wconf 52' lang='lat' dir='ltr'>inquit,</span> <span class='ocrx_word' id='word_1_101' title='bbox 1476 1763 1655 1819; x_wconf 81' lang='lat' dir='ltr'>artes</span> <span class='ocrx_word' id='word_1_102' title='bbox 1684 1764 2063 1821; x_wconf 79' lang='lat' dir='ltr'>contentae</span> <span class='ocrx_word' id='word_1_103' title='bbox 2082 1765 2248 1819; x_wconf 86' lang='lat' dir='ltr'>sunt</span> <span class='ocrx_word' id='word_1_104' title='bbox 2273 1770 2565 1841; x_wconf 80' lang='lat' dir='ltr'>praece·</span> 
     </span>
     <span class='ocr_line' id='line_1_14' title="bbox 635 1830 2569 1951; baseline -0.001 -25"><span class='ocrx_word' id='word_1_105' title='bbox 635 1856 805 1951; x_wconf 85' lang='lat' dir='ltr'>ptis,</span> <span class='ocrx_word' id='word_1_106' title='bbox 853 1873 1193 1929; x_wconf 87' lang='lat' dir='ltr'>contenta</span> <span class='ocrx_word' id='word_1_107' title='bbox 1236 1856 1368 1927; x_wconf 81' lang='lat' dir='ltr'>erit</span> <span class='ocrx_word' id='word_1_108' title='bbox 1404 1871 1479 1927; x_wconf 87' lang='lat' dir='ltr'>et</span> <span class='ocrx_word' id='word_1_109' title='bbox 1506 1830 1885 1950; x_wconf 81' lang='lat' dir='ltr'>sapientia3</span> <span class='ocrx_word' id='word_1_110' title='bbox 1930 1879 2099 1927; x_wconf 84' lang='lat' dir='ltr'>narn</span> <span class='ocrx_word' id='word_1_111' title='bbox 2134 1873 2209 1927; x_wconf 85' lang='lat' dir='ltr'>et</span> <span class='ocrx_word' id='word_1_112' title='bbox 2239 1857 2415 1926; x_wconf 88' lang='lat' dir='ltr'>haec</span> <span class='ocrx_word' id='word_1_113' title='bbox 2452 1878 2569 1925; x_wconf 83' lang='lat' dir='ltr'>ars</span> 
     </span>
     <span class='ocr_line' id='line_1_15' title="bbox 637 1963 2569 2072; baseline 0 -35"><span class='ocrx_word' id='word_1_114' title='bbox 637 1967 824 2040; x_wconf 82' lang='lat' dir='ltr'>vitae</span> <span class='ocrx_word' id='word_1_115' title='bbox 851 1984 970 2037; x_wconf 84' lang='lat' dir='ltr'>est.</span> <span class='ocrx_word' id='word_1_116' title='bbox 1001 1963 1229 2072; x_wconf 86' lang='lat' dir='ltr'>Atqui</span> <span class='ocrx_word' id='word_1_117' title='bbox 1254 1966 1813 2064; x_wconf 85' lang='lat' dir='ltr'>gubernatorem</span> <span class='ocrx_word' id='word_1_118' title='bbox 1836 1966 2002 2039; x_wconf 86' lang='lat' dir='ltr'>facit</span> <span class='ocrx_word' id='word_1_119' title='bbox 2021 1968 2141 2041; x_wconf 88' lang='lat' dir='ltr'>ille</span> <span class='ocrx_word' id='word_1_120' title='bbox 2158 2018 2181 2055; x_wconf 86' lang='lat'>‚</span> <span class='ocrx_word' id='word_1_121' title='bbox 2210 1968 2341 2060; x_wconf 79' lang='lat' dir='ltr'>qui</span> <span class='ocrx_word' id='word_1_122' title='bbox 2358 1990 2569 2060; x_wconf 80' lang='lat' dir='ltr'>prae·</span> 
     </span>
     <span class='ocr_line' id='line_1_16' title="bbox 637 2075 2566 2175; baseline -0.002 -26"><span class='ocrx_word' id='word_1_123' title='bbox 637 2079 864 2171; x_wconf 71' lang='lat' dir='ltr'>cepitz</span> <span class='ocrx_word' id='word_1_124' title='bbox 893 2075 1009 2150; x_wconf 83' lang='lat' dir='ltr'>Sic</span> <span class='ocrx_word' id='word_1_125' title='bbox 1046 2102 1262 2148; x_wconf 87' lang='lat' dir='ltr'>move</span> <span class='ocrx_word' id='word_1_126' title='bbox 1301 2078 1910 2175; x_wconf 82' lang='lat' dir='ltr'>gubernaculum,</span> <span class='ocrx_word' id='word_1_127' title='bbox 1942 2078 2038 2149; x_wconf 82' lang='lat' dir='ltr'>sic</span> <span class='ocrx_word' id='word_1_128' title='bbox 2064 2080 2221 2149; x_wconf 80' lang='lat' dir='ltr'>vela</span> <span class='ocrx_word' id='word_1_129' title='bbox 2246 2076 2566 2161; x_wconf 79' lang='lat' dir='ltr'>submit·-</span> 
     </span>
     <span class='ocr_line' id='line_1_17' title="bbox 637 2179 2569 2279; baseline 0.001 -24"><span class='ocrx_word' id='word_1_130' title='bbox 637 2204 713 2255; x_wconf 87' lang='lat' dir='ltr'>te</span> <span class='ocrx_word' id='word_1_131' title='bbox 737 2236 760 2273; x_wconf 87' lang='lat'>‚</span> <span class='ocrx_word' id='word_1_132' title='bbox 783 2179 901 2256; x_wconf 70' lang='lat' dir='ltr'>“sic</span> <span class='ocrx_word' id='word_1_133' title='bbox 939 2185 1260 2257; x_wconf 83' lang='lat' dir='ltr'>secundo</span> <span class='ocrx_word' id='word_1_134' title='bbox 1282 2203 1505 2257; x_wconf 88' lang='lat' dir='ltr'>vento</span> <span class='ocrx_word' id='word_1_135' title='bbox 1546 2205 1787 2279; x_wconf 82' lang='lat' dir='ltr'>utere,</span> <span class='ocrx_word' id='word_1_136' title='bbox 1827 2186 1921 2258; x_wconf 88' lang='lat' dir='ltr'>sic</span> <span class='ocrx_word' id='word_1_137' title='bbox 1954 2186 2253 2257; x_wconf 78' lang='lat' dir='ltr'>adverso</span> <span class='ocrx_word' id='word_1_138' title='bbox 2276 2186 2569 2271; x_wconf 81' lang='lat' dir='ltr'>resiste,</span> 
     </span>
     <span class='ocr_line' id='line_1_18' title="bbox 594 2290 2570 2386; baseline -0.001 -23"><span class='ocrx_word' id='word_1_139' title='bbox 594 2293 734 2363; x_wconf 85' lang='lat' dir='ltr'>·sic</span> <span class='ocrx_word' id='word_1_140' title='bbox 780 2292 1092 2368; x_wconf 80' lang='lat' dir='ltr'>dubium</span> <span class='ocrx_word' id='word_1_141' title='bbox 1135 2316 1759 2386; x_wconf 83' lang='lat' dir='ltr'>communemque</span> <span class='ocrx_word' id='word_1_142' title='bbox 1792 2293 1945 2365; x_wconf 73' lang='lat' dir='ltr'>,tibi</span> <span class='ocrx_word' id='word_1_143' title='bbox 1987 2292 2289 2364; x_wconf 85' lang='lat' dir='ltr'>vindica.</span> <span class='ocrx_word' id='word_1_144' title='bbox 2358 2290 2570 2363; x_wconf 81' lang='lat' dir='ltr'>Alios</span> 
     </span>
     <span class='ocr_line' id='line_1_19' title="bbox 639 2402 2571 2501; baseline -0.001 -26"><span class='ocrx_word' id='word_1_145' title='bbox 639 2427 936 2498; x_wconf 86' lang='lat' dir='ltr'>quoque</span> <span class='ocrx_word' id='word_1_146' title='bbox 982 2403 1275 2477; x_wconf 84' lang='lat' dir='ltr'>artifices</span> <span class='ocrx_word' id='word_1_147' title='bbox 1329 2421 1707 2498; x_wconf 73' lang='lat' dir='ltr'>praecepta</span> <span class='ocrx_word' id='word_1_148' title='bbox 1749 2402 2216 2481; x_wconf 81' lang='lat' dir='ltr'>confirmant:</span> <span class='ocrx_word' id='word_1_149' title='bbox 2266 2429 2437 2501; x_wconf 79' lang='lat' dir='ltr'>ergo</span> <span class='ocrx_word' id='word_1_150' title='bbox 2483 2403 2571 2478; x_wconf 80' lang='lat' dir='ltr'>in</span> 
     </span>
     <span class='ocr_line' id='line_1_20' title="bbox 636 2509 2571 2605; baseline -0.001 -25"><span class='ocrx_word' id='word_1_151' title='bbox 636 2511 778 2582; x_wconf 86' lang='lat' dir='ltr'>hoc</span> <span class='ocrx_word' id='word_1_152' title='bbox 814 2511 1012 2599; x_wconf 71' lang='lat' dir='ltr'>idern</span> <span class='ocrx_word' id='word_1_153' title='bbox 1037 2529 1399 2605; x_wconf 66' lang='lat' dir='ltr'>”poterunt</span> <span class='ocrx_word' id='word_1_154' title='bbox 1440 2509 1733 2594; x_wconf 80' lang='lat' dir='ltr'>artifices</span> <span class='ocrx_word' id='word_1_155' title='bbox 1754 2510 2139 2584; x_wconf 73' lang='lat' dir='ltr'>&#39;vivendi..“</span> <span class='ocrx_word' id='word_1_156' title='bbox 2164 2509 2235 2562; x_wconf 81' lang='grc'>-’-</span> <span class='ocrx_word' id='word_1_157' title='bbox 2278 2511 2571 2582; x_wconf 76' lang='lat' dir='ltr'>Omnes</span> 
     </span>
    </p>
   </div>
   <div class='ocr_carea' id='block_1_3' title="bbox 539 2618 2565 2719">
    <p class='ocr_par' dir='ltr' id='par_1_4' title="bbox 539 2618 2565 2719">
     <span class='ocr_line' id='line_1_21' title="bbox 539 2618 2565 2719; baseline -0 -31"><span class='ocrx_word' id='word_1_158' title='bbox 539 2669 552 2719; x_wconf 88' lang='lat'>·.</span> <span class='ocrx_word' id='word_1_159' title='bbox 636 2620 806 2692; x_wconf 83' lang='lat' dir='ltr'>istae</span> <span class='ocrx_word' id='word_1_160' title='bbox 829 2639 1004 2692; x_wconf 86' lang='lat' dir='ltr'>artes</span> <span class='ocrx_word' id='word_1_161' title='bbox 1031 2619 1210 2692; x_wconf 84' lang='lat' dir='ltr'>circa</span> <span class='ocrx_word' id='word_1_162' title='bbox 1236 2619 1708 2694; x_wconf 80' lang='lat' dir='ltr'>instrumenta</span> <span class='ocrx_word' id='word_1_163' title='bbox 1736 2618 1923 2690; x_wconf 67' lang='lat' dir='ltr'>vitae</span> <span class='ocrx_word' id='word_1_164' title='bbox 1952 2632 2341 2712; x_wconf 89' lang='lat' dir='ltr'>occupatae</span> <span class='ocrx_word' id='word_1_165' title='bbox 2362 2633 2565 2704; x_wconf 85' lang='lat' dir='ltr'>sunt,</span> 
     </span>
    </p>
   </div>
   <div class='ocr_carea' id='block_1_4' title="bbox 609 2725 2575 3914">
    <p class='ocr_par' dir='ltr' id='par_1_5' title="bbox 609 2725 2575 3914">
     <span class='ocr_line' id='line_1_22' title="bbox 637 2725 2575 2820; baseline -0.002 -22"><span class='ocrx_word' id='word_1_166' title='bbox 637 2750 794 2798; x_wconf 85' lang='lat' dir='ltr'>non</span> <span class='ocrx_word' id='word_1_167' title='bbox 830 2728 1008 2799; x_wconf 81' lang='lat' dir='ltr'>circa</span> <span class='ocrx_word' id='word_1_168' title='bbox 1047 2742 1278 2800; x_wconf 84' lang='lat' dir='ltr'>totam</span> <span class='ocrx_word' id='word_1_169' title='bbox 1309 2730 1555 2800; x_wconf 84' lang='lat' dir='ltr'>vitam.</span> <span class='ocrx_word' id='word_1_170' title='bbox 1614 2729 1870 2820; x_wconf 88' lang='lat' dir='ltr'>Itaque</span> <span class='ocrx_word' id='word_1_171' title='bbox 1908 2729 2137 2806; x_wconf 85' lang='lat' dir='ltr'>multa</span> <span class='ocrx_word' id='word_1_172' title='bbox 2179 2725 2333 2796; x_wconf 81' lang='lat' dir='ltr'>illas</span> <span class='ocrx_word' id='word_1_173' title='bbox 2358 2725 2575 2796; x_wconf 79' lang='lat' dir='ltr'>&#39;mhi-</span> 
     </span>
     <span class='ocr_line' id='line_1_23' title="bbox 640 2807 2571 2930; baseline 0.001 -24"><span class='ocrx_word' id='word_1_174' title='bbox 640 2807 822 2919; x_wconf 81' lang='lat' dir='ltr'>bent</span> <span class='ocrx_word' id='word_1_175' title='bbox 845 2837 1397 2925; x_wconf 71' lang='lat' dir='ltr'>extrinsecu8‚e</span> <span class='ocrx_word' id='word_1_176' title='bbox 1356 2854 1430 2908; x_wconf 91' lang='lat' dir='ltr'>et</span> <span class='ocrx_word' id='word_1_177' title='bbox 1457 2836 1891 2930; x_wconf 83' lang='lat' dir='ltr'>inpediunt3</span> <span class='ocrx_word' id='word_1_178' title='bbox 1935 2859 2133 2928; x_wconf 84' lang='lat' dir='ltr'>spes,</span> <span class='ocrx_word' id='word_1_179' title='bbox 2170 2833 2571 2926; x_wconf 70' lang='lat' dir='ltr'>cupiditas,</span> 
     </span>
     <span class='ocr_line' id='line_1_24' title="bbox 625 2939 2575 3035; baseline -0.001 -22"><span class='ocrx_word' id='word_1_180' title='bbox 625 2945 878 3020; x_wconf 60' lang='lat' dir='ltr'>&#39;timon</span> <span class='ocrx_word' id='word_1_181' title='bbox 931 2942 1032 3014; x_wconf 86' lang='lat' dir='ltr'>At</span> <span class='ocrx_word' id='word_1_182' title='bbox 1073 2946 1289 3030; x_wconf 89' lang='lat' dir='ltr'>haec,</span> <span class='ocrx_word' id='word_1_183' title='bbox 1343 2968 1529 3035; x_wconf 82' lang='lat' dir='ltr'>quae</span> <span class='ocrx_word' id='word_1_184' title='bbox 1567 2961 1799 3014; x_wconf 88' lang='lat' dir='ltr'>artem</span> <span class='ocrx_word' id='word_1_185' title='bbox 1831 2944 2019 3015; x_wconf 81' lang='lat' dir='ltr'>vitae</span> <span class='ocrx_word' id='word_1_186' title='bbox 2068 2939 2373 3035; x_wconf 83' lang='lat' dir='ltr'>professa</span> <span class='ocrx_word' id='word_1_187' title='bbox 2418 2959 2575 3031; x_wconf 80' lang='lat' dir='ltr'>est,</span> 
     </span>
     <span class='ocr_line' id='line_1_25' title="bbox 609 3053 2562 3148; baseline -0.001 -22"><span class='ocrx_word' id='word_1_188' title='bbox 609 3055 839 3142; x_wconf 55' lang='lat' dir='ltr'>,nulla</span> <span class='ocrx_word' id='word_1_189' title='bbox 865 3078 980 3141; x_wconf 90' lang='lat' dir='ltr'>re,</span> <span class='ocrx_word' id='word_1_190' title='bbox 1016 3077 1170 3146; x_wconf 83' lang='lat' dir='ltr'>quo</span> <span class='ocrx_word' id='word_1_191' title='bbox 1209 3053 1451 3125; x_wconf 85' lang='lat' dir='ltr'>minus</span> <span class='ocrx_word' id='word_1_192' title='bbox 1480 3077 1552 3126; x_wconf 85' lang='lat' dir='ltr'>se</span> <span class='ocrx_word' id='word_1_193' title='bbox 1600 3070 1965 3144; x_wconf 83' lang='lat' dir='ltr'>exerceat,</span> <span class='ocrx_word' id='word_1_194' title='bbox 2012 3055 2230 3128; x_wconf 83' lang='lat' dir='ltr'>vetari</span> <span class='ocrx_word' id='word_1_195' title='bbox 2274 3067 2517 3148; x_wconf 81' lang='lat' dir='ltr'>potest</span> <span class='ocrx_word' id='word_1_196' title='bbox 2538 3082 2562 3125; x_wconf 74' lang='lat' dir='ltr'>t</span> 
     </span>
     <span class='ocr_line' id='line_1_26' title="bbox 643 3159 2569 3256; baseline 0.001 -26"><span class='ocrx_word' id='word_1_197' title='bbox 643 3159 928 3232; x_wconf 80' lang='lat' dir='ltr'>discutit</span> <span class='ocrx_word' id='word_1_198' title='bbox 963 3161 1157 3233; x_wconf 89' lang='lat' dir='ltr'>enim</span> <span class='ocrx_word' id='word_1_199' title='bbox 1199 3161 1735 3256; x_wconf 74' lang='lat' dir='ltr'>inpedimenta,</span> <span class='ocrx_word' id='word_1_200' title='bbox 1777 3180 1850 3234; x_wconf 86' lang='lat' dir='ltr'>et</span> <span class='ocrx_word' id='word_1_201' title='bbox 1890 3179 2138 3234; x_wconf 78' lang='lat' dir='ltr'>tractat</span> <span class='ocrx_word' id='word_1_202' title='bbox 2182 3163 2569 3238; x_wconf 84' lang='lat' dir='ltr'>obstantia.</span> 
     </span>
     <span class='ocr_line' id='line_1_27' title="bbox 639 3271 2571 3367; baseline 0.002 -27"><span class='ocrx_word' id='word_1_203' title='bbox 639 3271 768 3346; x_wconf 83' lang='lat' dir='ltr'>Vis</span> <span class='ocrx_word' id='word_1_204' title='bbox 805 3271 976 3367; x_wconf 68' lang='lat' dir='ltr'>scire</span> <span class='ocrx_word' id='word_1_205' title='bbox 1003 3294 1222 3364; x_wconf 88' lang='lat' dir='ltr'>quam</span> <span class='ocrx_word' id='word_1_206' title='bbox 1261 3271 1607 3343; x_wconf 85' lang='lat' dir='ltr'>dissimilis</span> <span class='ocrx_word' id='word_1_207' title='bbox 1647 3271 1734 3343; x_wconf 86' lang='lat' dir='ltr'>sit</span> <span class='ocrx_word' id='word_1_208' title='bbox 1768 3272 2055 3344; x_wconf 84' lang='lat' dir='ltr'>aliarum</span> <span class='ocrx_word' id='word_1_209' title='bbox 2084 3271 2349 3361; x_wconf 75' lang='lat' dir='ltr'>artium</span> <span class='ocrx_word' id='word_1_210' title='bbox 2378 3295 2571 3348; x_wconf 30' lang='lat' dir='ltr'>‘con-</span> 
     </span>
     <span class='ocr_line' id='line_1_28' title="bbox 642 3378 2571 3470; baseline 0.002 -20"><span class='ocrx_word' id='word_1_211' title='bbox 642 3378 824 3451; x_wconf 89' lang='lat' dir='ltr'>ditio</span> <span class='ocrx_word' id='word_1_212' title='bbox 845 3395 969 3467; x_wconf 33' lang='lat' dir='ltr'>,oet</span> <span class='ocrx_word' id='word_1_213' title='bbox 995 3379 1256 3450; x_wconf 80' lang='lat' dir='ltr'>huius?</span> <span class='ocrx_word' id='word_1_214' title='bbox 1294 3378 1380 3448; x_wconf 89' lang='lat' dir='ltr'>In</span> <span class='ocrx_word' id='word_1_215' title='bbox 1409 3379 1543 3450; x_wconf 88' lang='lat' dir='ltr'>illis</span> <span class='ocrx_word' id='word_1_216' title='bbox 1582 3381 1973 3468; x_wconf 78' lang='lat' dir='ltr'>excusatius</span> <span class='ocrx_word' id='word_1_217' title='bbox 2000 3401 2158 3470; x_wconf 75' lang='lat' dir='ltr'>est,¹</span> <span class='ocrx_word' id='word_1_218' title='bbox 2182 3382 2571 3453; x_wconf 83' lang='lat' dir='ltr'>voluntate</span> 
     </span>
     <span class='ocr_line' id='line_1_29' title="bbox 642 3481 2565 3584; baseline 0.001 -24"><span class='ocrx_word' id='word_1_219' title='bbox 642 3512 966 3582; x_wconf 72' lang='lat' dir='ltr'>peccare,</span> <span class='ocrx_word' id='word_1_220' title='bbox 1012 3481 1234 3582; x_wconf 76' lang='lat' dir='ltr'>quarn</span> <span class='ocrx_word' id='word_1_221' title='bbox 1261 3513 1460 3576; x_wconf 83' lang='lat' dir='ltr'>casu3</span> <span class='ocrx_word' id='word_1_222' title='bbox 1498 3489 1575 3560; x_wconf 89' lang='lat' dir='ltr'>in</span> <span class='ocrx_word' id='word_1_223' title='bbox 1603 3491 1773 3578; x_wconf 87' lang='lat' dir='ltr'>hac,</span> <span class='ocrx_word' id='word_1_224' title='bbox 1824 3489 2131 3562; x_wconf 84' lang='lat' dir='ltr'>maxima</span> <span class='ocrx_word' id='word_1_225' title='bbox 2152 3492 2367 3584; x_wconf 90' lang='lat' dir='ltr'>culpa</span> <span class='ocrx_word' id='word_1_226' title='bbox 2403 3506 2565 3582; x_wconf 83' lang='lat' dir='ltr'>est,</span> 
     </span>
     <span class='ocr_line' id='line_1_30' title="bbox 643 3597 2575 3704; baseline 0.003 -36"><span class='ocrx_word' id='word_1_227' title='bbox 643 3614 900 3690; x_wconf 76' lang='lat' dir='ltr'>sponte</span> <span class='ocrx_word' id='word_1_228' title='bbox 926 3597 1356 3692; x_wconf 85' lang='lat' dir='ltr'>delinquere.</span> <span class='ocrx_word' id='word_1_229' title='bbox 1392 3599 1624 3704; x_wconf 76' lang='lat' dir='ltr'>Quod</span> <span class='ocrx_word' id='word_1_230' title='bbox 1654 3598 2013 3688; x_wconf 88' lang='lat' dir='ltr'>dico,·tale</span> <span class='ocrx_word' id='word_1_231' title='bbox 2039 3619 2159 3672; x_wconf 89' lang='lat' dir='ltr'>est.</span> <span class='ocrx_word' id='word_1_232' title='bbox 2190 3599 2575 3676; x_wconf 82' lang='lat' dir='ltr'>Gramma·</span> 
     </span>
     <span class='ocr_line' id='line_1_31' title="bbox 646 3708 2567 3802; baseline 0.004 -26"><span class='ocrx_word' id='word_1_233' title='bbox 646 3708 826 3779; x_wconf 87' lang='lat' dir='ltr'>ticus</span> <span class='ocrx_word' id='word_1_234' title='bbox 865 3733 1018 3782; x_wconf 88' lang='lat' dir='ltr'>non</span> <span class='ocrx_word' id='word_1_235' title='bbox 1071 3711 1439 3782; x_wconf 84' lang='lat' dir='ltr'>erubescet</span> <span class='ocrx_word' id='word_1_236' title='bbox 1478 3714 1893 3786; x_wconf 82' lang='lat' dir='ltr'>soloecismo</span> <span class='ocrx_word' id='word_1_237' title='bbox 1916 3764 1939 3802; x_wconf 89' lang='lat'>‚</span> <span class='ocrx_word' id='word_1_238' title='bbox 1990 3715 2047 3784; x_wconf 89' lang='lat' dir='ltr'>si</span> <span class='ocrx_word' id='word_1_239' title='bbox 2084 3710 2307 3786; x_wconf 82' lang='lat' dir='ltr'>sciens</span> <span class='ocrx_word' id='word_1_240' title='bbox 2348 3713 2567 3800; x_wconf 76' lang='lat' dir='ltr'>fecit3</span> 
     </span>
     <span class='ocr_line' id='line_1_32' title="bbox 641 3817 2569 3914; baseline 0.003 -25"><span class='ocrx_word' id='word_1_241' title='bbox 641 3817 1010 3892; x_wconf 75' lang='lat' dir='ltr'>erubescet</span> <span class='ocrx_word' id='word_1_242' title='bbox 1031 3873 1052 3910; x_wconf 86' lang='lat'>‚</span> <span class='ocrx_word' id='word_1_243' title='bbox 1099 3823 1170 3892; x_wconf 85' lang='lat' dir='ltr'>si·</span> <span class='ocrx_word' id='word_1_244' title='bbox 1198 3823 1533 3906; x_wconf 78' lang='lat' dir='ltr'>nesciens.</span> <span class='ocrx_word' id='word_1_245' title='bbox 1593 3823 1917 3898; x_wconf 81' lang='lat' dir='ltr'>Medicus</span> <span class='ocrx_word' id='word_1_246' title='bbox 1935 3876 1960 3914; x_wconf 87' lang='lat'>,</span> <span class='ocrx_word' id='word_1_247' title='bbox 2002 3823 2059 3895; x_wconf 85' lang='lat' dir='ltr'>si</span> <span class='ocrx_word' id='word_1_248' title='bbox 2100 3823 2403 3906; x_wconf 67' lang='lat' dir='ltr'>deficere</span> <span class='ocrx_word' id='word_1_249' title='bbox 2444 3845 2569 3906; x_wconf 68' lang='lat' dir='ltr'>ae,-</span> 
     </span>
    </p>
   </div>
  </div>
 </body>
</html>
