2759 4825
697 321 1723 452 EPISTOL'ACI.
2026 383 2163 471 ως·

214 529 502 605 sinmm
549 539 880 621 putarem
899 576 924 616 ,
972 527 1026 596 si
1070 527 1308 598 vivere
1349 529 1566 600 vellet
1601 553 1831 622 usque
1868 531 1963 606 ad
2001 516 2162 608 cru-

225 623 828 728 cemjssusero,
873 637 1158 730 inquit,
1201 635 1319 708 me
1364 638 1687 715 debilites
1719 641 1936 729 licet,
1976 643 2157 718 dum

219 750 518 844 spiritus
565 749 642 819 in
671 747 968 845 corpore
995 749 1220 820 fracto
1264 763 1336 820 et
1377 747 1611 820 inutili
1655 767 1975 840 maneat3
2031 754 2161 826 de·

215 881 486 954 praves
519 863 688 932 licet
709 912 734 948 ,
782 861 962 932 dum
995 879 1394 934 monstroso
1424 877 1495 932 et
1536 860 1835 934 distorto
1873 881 2161 961 tempo-

215 971 312 1040 ris
351 970 643 1063 aliquid
677 971 998 1056 accedat3
1053 972 1326 1068 suffigas
1353 971 1521 1042 licet
1544 1022 1567 1058 ,
1608 989 1679 1042 et
1703 991 1984 1046 acutam
2022 1001 2159 1048 ses·-

223 1105 398 1151 suro
429 1105 722 1152 crucem
757 1081 1052 1152 subdas-»2
1099 1100 1199 1152 est
1221 1083 1438 1170 tanti,
1465 1084 1727 1152 vulnus
1761 1110 1967 1159 suum
1996 1111 2161 1180 pre-

224 1215 430 1264 mere
453 1241 476 1278 ,
511 1207 586 1260 et
613 1190 944 1284 patibulo
969 1189 1294 1284 pendere,
1318 1189 1731 1264 destrictum
1751 1246 1774 1282 ,
1807 1194 1985 1265 dum
2016 1194 2161 1266 dif-

224 1297 412 1370 ferat
436 1349 460 1386 ,
483 1297 562 1368 id
588 1297 797 1390 quod
832 1316 931 1368 est
959 1300 1032 1368 in
1058 1298 1254 1370 malis
1284 1299 1648 1391 optimum
1664 1349 1699 1387 ,
1716 1301 2045 1394 supplicii
2069 1301 2158 1370 fi-

234 1429 416 1492 nem
441 1434 458 1478 ε
488 1423 583 1476 est
614 1407 820 1492 tanti,
847 1405 1100 1476 habere
1117 1407 1455 1494 animam,
1480 1425 1563 1480 ut
1585 1403 1815 1506 agam!
1849 1449 1922 1462 -
1950 1408 2157 1520 Quid

237 1516 426 1588 huic‘
451 1535 687 1610 optes,
733 1517 862 1586 nisi
900 1517 1090 1588 Deos
1124 1516 1403 1587 faciles?
1450 1519 1631 1610 quid
1665 1520 1798 1589 sibi
1828 1523 1986 1591 vult
2028 1536 2157 1592 ista
2268 1513 2277 1528 ‘

235 1627 562 1696 carminis
601 1626 985 1697 effe-minati
1016 1627 1445 1720 turpitudo?
1499 1629 1681 1718 quid
1715 1631 1987 1702 timoris
2028 1630 2153 1708 de-

235 1735 656 1817 mentissimi
690 1736 974 1828 pactio?
1022 1729 1204 1829 quid
1233 1757 1380 1806 tarn
1420 1736 1628 1808 foeda
1656 1739 1841 1809 vitae
1872 1740 2157 1812 mendi-

243 1847 476 1926 catio?
517 1847 656 1917 Cui
681 1864 888 1940 putes
928 1873 1276 1938 umquam
1311 1849 1623 1918 recitasse
1649 1847 2109 1922 VIRGILmM
2130 1898 2157 1938 ,

341 1955 555 2052 Usque
579 1959 812 2028 adeone
837 1961 1006 2028 mori
1028 1959 1328 2030 miserum
1367 1976 1463 2027 est
1485 1963 1529 2027 ἓ
1561 1997 1638 2014 --
1728 2001 1733 2008 -
2046 2018 2051 2030 ,

243 2063 474 2157 Optat
523 2065 773 2153 ultima
819 2064 1212 2148 malorum3
1267 2083 1380 2153 et,
1432 2065 1807 2158 quae-pati·
1844 2067 2157 2167 gravissi-

123 2233 132 2242 .
235 2197 441 2242 mum
470 2191 614 2258 est,
647 2171 939 2242 extendi
973 2196 1052 2243 ac
1078 2172 1401 2242 sustineri
1432 2171 1671 2264 cupit:
1712 2198 1856 2266 qua
1882 2197 2151 2246 merce-

240 2278 376 2348 de?
418 2278 690 2348 scilicet
730 2279 916 2350 vitae
957 2278 1310 2376 longioris.
1351 2278 1582 2382 Quod
1624 2298 1869 2354 autem
1910 2282 2158 2352 vivere-

247 2408 344 2459 est
365 2441 388 2477 ,
413 2389 542 2459 diu
565 2389 806 2474 mori?
853 2390 1220 2479 Invenitur
1247 2389 1545 2483 aliquis,
1588 2389 1719 2483 qui
1744 2390 1946 2461 malit
1968 2390 2152 2463 inter

241 2499 585 2593 simplicia
609 2498 996 2587 tabescere,
1046 2516 1116 2570 et
1139 2498 1370 2592 perire
1398 2499 1853 2570 membratim
1876 2548 1903 2587 ,-
1942 2515 2013 2569 et
2038 2514 2157 2576 tor

236 2610 420 2681 tiens
444 2635 575 2701 per
597 2609 947 2696 stillicidia
971 2610 1296 2681 amittere
1313 2610 1619 2681 animam
1638 2661 1663 2697 ,
1691 2635 1911 2704 quam
1934 2611 2155 2686 semel

237 2717 613 2789 exhalare?
645 2718 1011 2789 Invenitur
1038 2718 1166 2809 qui
1195 2718 1366 2789 velit
1391 2716 1677 2787 adactus
1703 2717 1793 2788 ad
1822 2716 2005 2786 illud
2040 2716 2157 2802 in-

234 2828 416 2897 felix
437 2825 720 2925 lignum
745 2879 767 2916 ,
792 2829 934 2899 iam
972 2828 1221 2897 debilis
1244 2877 1267 2913 ,
1307 2826 1444 2895 iam
1473 2851 1727 2919 pravus
1746 2877 1769 2913 ,
1799 2842 1869 2896 et
1895 2826 1969 2895 in
1996 2826 2154 2905 foe·

245 2936 434 3005 dum
457 2938 896 3029 scapularum
921 2960 997 3005 ac
1011 2934 1314 3029 pectoris
1336 2932 1551 3007 tuber
1574 2934 1802 3020 elisus,
1833 2934 1951 3007 cui
1971 2935 2157 3005 mul·
2254 3020 2260 3025 ‘

235 3065 357 3117 tae
399 3045 756 3121 morbndi
791 3071 1034 3117 causae
1065 3046 1275 3119 etiam
1313 3047 1483 3117 citra
1510 3070 1796 3117 crucem
1830 3045 2155 3133 fuerant,

240 3160 520 3228 trahere
564 3158 874 3229 animam
927 3174 1038 3229 tot
1080 3173 1436 3231 tormenta
1478 3156 1905 3256 tracturam?
1957 3156 2157 3250 Nega

241 3293 448 3340 nunc
489 3292 832 3366 magnum
881 3268 1309 3339 beneficium
1366 3293 1506 3339 esse
1553 3278 1843 3339 naturae
1872 3317 1903 3358 ,
1950 3265 2157 3358 quod

234 3405 523 3451 necesse
545 3397 648 3451 est
676 3379 880 3451 mori.
920 3378 1138 3450 Multi
1159 3379 1395 3473 peiora
1421 3379 1655 3473 adbuc
1680 3377 1932 3472 pacisci
1960 3398 2187 3467 para--

236 3492 290 3561 ti
333 3506 544 3578 sunt3
599 3491 814 3561 etiam
859 3493 1170 3561 amicum
1219 3490 1567 3583 prodere,
1617 3506 1701 3557 ut
1744 3487 2014 3556 diutius
2052 3484 2154 3554 vi-

239 3620 448 3686 vant3
495 3620 570 3673 et
605 3604 870 3681 liberos
911 3602 1002 3672 ad
1043 3616 1372 3693 stuprum
1406 3623 1627 3673 manu
1666 3621 1791 3675 sua
1834 3592 2153 3681 tradere,

243 3730 327 3781 ut
368 3713 750 3809 contingat
788 3714 1024 3783 lucem
1064 3710 1306 3805 videre
1331 3761 1352 3794 ‚
1400 3726 1512 3780 tot
1555 3703 1903 3777 consciam
1942 3705 2155 3772 scele-

232 3818 924 3894 rumWExcutienda
964 3817 1150 3907 vitae
1198 3813 1470 3912 cupido
1512 3810 1653 3901 est,
1700 3806 2157 3889 discendum·

213 4081 246 4111 0
