2759 4825
532 369 1342 446 EPISTOLA
1426 373 1832 448 cxx1v.
2004 369 2135 475 223·

215 536 388 611 Non
407 537 670 636 refugis
685 558 948 628 autem,
965 562 1098 612 nec
1117 543 1256 612 ulla
1273 555 1344 611 te
1363 543 1709 614 subtilitas
1722 543 1969 640 abigit=
1990 568 2145 616 non

216 672 322 722 est
361 651 752 748 elegantiae
785 665 989 736 tuae,
1029 668 1313 722 tantum
1348 675 1603 750 magna
1646 653 1908 724 sectari.
1946 652 2146 726 Sicut

219 762 406 856 [hoc
424 810 447 849 ,
469 762 564 832 sic
585 762 693 854 et]
721 753 914 832 -iuud-
931 759 1202 853 probe,
1223 761 1428 854 quod
1446 766 1683 834 omnia
1712 763 1805 834 ad
1830 764 2143 857 aliquem

212 857 627 963 profectum
654 867 907 965 redigis
925 918 948 955 ‚
971 884 1048 938 et
1074 884 1248 940 tunc
1273 886 1561 942 tantum
1579 869 1987 958 offenderis,
2013 872 2143 943 ubi

216 1002 500 1050 summa
523 977 912 1048 subtilitate
935 973 1395 1075 nihil‘agitur:
1422 979 1635 1070 quod
1656 1004 1751 1050 ne
1771 977 1969 1050 riunc
1984 981 2141 1070 qui-

219 1088 392 1158 dem
421 1087 574 1160 fieri
592 1084 958 1159 laborabo.
986 1088 1401 1190 Quaeritur,
1432 1089 1665 1159 Utrum
1683 1112 1869 1160 sensu
1885 1139 1909 1164 ,
1936 1116 2017 1159 an
2047 1094 2141 1158 in·

219 1199 520 1274 tellecta,
551 1197 1118 1296 comprehendatur
1143 1200 1400 1271 Bonum
1422 1205 1467 1268 ἓ
1502 1199 1688 1271 Huic
1718 1199 2140 1270 adiunctum
2246 1237 2263 1256 ι

221 1325 360 1396 est,
384 1313 452 1382 in
479 1312 678 1380 mutis
703 1309 1088 1380 animalibus
1109 1327 1172 1378 et
1193 1309 1556 1405 infantibus
1590 1335 1715 1380 non
1746 1333 1895 1380 esse.

313 1419 792 1524 Quicumque
807 1421 1254 1511 voluptatem
1277 1418 1351 1488 in
1371 1443 1661 1526 summo
1679 1434 1998 1512 ponunt,
2012 1443 2143 1488 sen·

219 1530 402 1600 ‘sibile
429 1528 1062 1601 iudicant-Bonum
1083 1555 1098 1597 ε
1123 1551 1253 1600 nos
1271 1547 1517 1598 contra
1542 1525 1985 1622 intelligibile.
2014 1528 2141 1620 qui
2200 1553 2205 1560 ·

220 1619 410 1708 illud
436 1637 680 1706 animo
709 1637 976 1708 damus.
1004 1636 1080 1708 Si
1103 1637 1198 1707 de
1222 1637 1424 1708 bono
1449 1659 1685 1706 sensus
1706 1636 2140 1725 iudicarent,

224 1746 496 1843 nullam
523 1747 970 1838 voluptatem
1009 1743 1490 1830 reiiceremus;
1540 1745 1739 1816 nulla
1768 1745 1961 1816 enim
1988 1768 2143 1816 non

226 1853 516 1938 invitat,
557 1854 756 1923 nulla
784 1876 933 1922 non
959 1854 1295 1924 delectat:
1345 1869 1417 1922 et
1437 1904 1459 1939 ,
1489 1875 1529 1922 e
1557 1851 1911 1922 contrario
1928 1901 1951 1938 ‚
1975 1854 2137 1923 nul·

220 1961 380 2031 lum
419 1958 748 2028 dolorem
791 1960 1111 2030 volentes
1156 1956 1552 2028 subiremus
1576 1983 1597 2043 3
1654 1959 1897 2028 nullus
1942 1959 2137 2029 enim

224 2089 376 2138 non
421 2063 722 2136 offendit
751 2091 1057 2138 sensum.
1102 2065 1464 2136 Praeterea
1501 2087 1653 2136 non
1678 2082 1906 2137 essent
1936 2067 2137 2165 digni

226 2175 811 2270 reprehensione,
850 2176 1115 2268 quibus
1152 2175 1462 2246 nimium
1505 2176 1834 2268 voluptas
1863 2171 2137 2270 plaeet,

227 2286 640 2380 quibusque
681 2308 1002 2354 summus
1046 2298 1149 2352 est
1190 2282 1457 2352 doloris
1490 2283 1722 2352 timor.
1774 2281 2003 2376 Atqui
2027 2285 2141 2354 in·-

227 2397 612 2493 probamus
626 2397 828 2493 gulae
851 2420 930 2467 ac
946 2393 1225 2494 libidini
1247 2393 1604 2479 addictos;
1636 2410 1708 2465 et
1732 2381 2139 2465 Eontemni-

228 2536 388 2583 mus
427 2512 620 2597 illos,
667 2509 796 2601 qui
839 2508 1018 2581 nihil
1058 2506 1346 2577 viriliter
1386 2506 1618 2577 ausuri
1665 2521 1834 2577 sunt
1874 2505 2137 2577 dolor-is

227 2640 454 2691 metu.
501 2617 704 2723 Quid
739 2633 978 2685 autem
1027 2630 1360 2707 peccant,
1406 2614 1460 2681 si
1491 2610 1836 2698 sensibus,
1881 2609 1957 2681 id
1996 2628 2139 2699 est,

228 2728 588 2801 iudicibus
613 2726 788 2797 boni
817 2748 896 2795 ac
921 2723 1131 2811 mali,
1157 2736 1409 2816 parent
1426 2720 1460 2789 Ρ
1490 2721 1603 2789 his·
1619 2721 1812 2789 enim
1840 2720 2141 2789 tradidi·

227 2846 342 2915 stis
380 2838 835 2935 adpetitionis
869 2855 942 2909 et
968 2836 1174 2933 fugae
1207 2834 1595 2907 arbitrium.
1642 2832 1789 2903 Sed
1811 2833 2141 2905 videlicet

231 2954 424 3025 Ratio
453 2951 562 3021 isti
587 2950 690 3020 rei
719 2948 1111 3043 praeposita
1155 2960 1296 3031 est,
1344 2941 1975 3035 quemadmodum
2014 2940 2141 3011 de-

230 3062 397 3133 beat
423 3058 514 3129 de
547 3060 720 3145 vita,
749 3053 1376 3149 quemadmodum
1407 3051 1496 3122 de
1514 3050 1796 3123 Virtute
1817 3101 1838 3137 ‚
1874 3050 1967 3120 de
1986 3048 2143 3121 Ho-

230 3185 474 3255 nest0‚
514 3168 610 3237 sic
639 3182 712 3236 et
743 3164 834 3241 de
863 3164 1068 3234 Bono
1111 3163 1489 3255 maloque,
1536 3160 1893 3233 constitui.
1948 3162 2139 3233 Nam

231 3278 427 3371 apud
472 3276 636 3347 istos
661 3264 1024 3347 vilissimae
1051 3271 1234 3366 parti
1266 3271 1475 3341 datur
1518 3270 1609 3341 de
1644 3272 1938 3341 meliore
1981 3293 2137 3339 sen-

229 3389 486 3473 tentia3
522 3399 606 3456 ut
641 3385 735 3455 de
770 3385 970 3455 bono
995 3381 1433 3475 pronuntiet!
1450 3406 1708 3454 sensus,
1754 3380 2006 3450 obtusa
2034 3379 2139 3448 r'es

233 3514 306 3565 et
345 3494 606 3579 hebes,
659 3510 731 3561 et
757 3492 832 3560 in
860 3492 1154 3559 homine
1194 3512 1414 3580 quam
1454 3490 1527 3555 in
1554 3487 1698 3555 aliis
1722 3484 2141 3557 animalibus
2232 3542 2245 3553 .

235 3604 515 3674 tardior.
538 3601 740 3707 Quid
757 3601 794 3669 Ρ
824 3598 876 3669 si
895 3598 1052 3689 quis
1069 3597 1308 3682 vellet,
1325 3618 1477 3665 non
1500 3592 1721 3669 oculis
1737 3643 1760 3680 ‚
1780 3592 1907 3663 sed
1923 3609 2139 3681 tactu,

237 3713 515 3785 minuta
547 3709 986 3801 discernere?
1031 3704 1378 3779 Subtilior
1406 3706 1494 3777 ad
1534 3706 1671 3775 hoc
1698 3705 1893 3775 nulla
1922 3705 2096 3775 acies
2115 3756 2137 3793 ,

237 3847 457 3919 quam
477 3825 856 3897 oculorum
875 3870 902 3911 ,
929 3836 1004 3891 et
1029 3819 1370 3891 intentior
1386 3867 1410 3906 ,
1438 3814 1637 3887 daret
1677 3814 1956 3887 bonum
1992 3838 2141 3883 ma-
