2759 4825
679 339 1795 468 EPI'S‘TOLAcVs
2026 417 2175 491 ης.

238 577 466 628 nemo
487 555 796 626 alterum
821 555 1180 632 offendere
1197 555 1507 626 audebat
1523 605 1544 638 ‚
1583 555 1713 625 nisi
1748 570 1831 624 ut
1854 556 2158 628 alterum

243 655 788 750 demereretur,
801 665 1010 736 simul
1049 663 1483 758 provocavit.
1513 662 1761 754 Vides,
1790 683 1937 736 tam
1963 690 2161 737 mor-

245 789 392 844 tem
378 797 640 898 ⁴¹'posse
677 774 1046 844 contemni
1078 797 1296 865 quam
1323 774 1689 844 exsilium·
1730 791 1815 844 et
1830 773 2161 846 exsilium

241 881 373 952 sibi
378 858 663 954 indixit
687 901 760 955 et
789 899 1137 969 mortem,
1164 901 1236 954 et
1261 883 1547 953 interim
1576 883 1873 954 bellum
1910 871 2162 953 Possu-
2244 924 2249 933 ·

243 1013 402 1061 mus
426 989 676 1082 itaque
697 990 1053 1060 adversus'
1039 1006 1162 1060 ista
1185 1005 1469 1060 tantum
1496 990 1749 1060 habere
1776 989 2042 1077 animi,
2070 989 2187 1060 lim
2228 999 2230 1004 “

245 1099 410 1170 beat
446 1102 676 1170 modo
702 1100 1096 1170 subducere
1129 1101 1298 1196 iugo
1335 1103 1624 1174 collum.
1656 1101 1737 1170 In
1764 1101 2009 1193 primis
2032 1123 2163 1172 au·-

247 1222 393 1276 tem
419 1207 866 1300 respuendae
891 1225 1057 1280 sunt
1075 1210 1513 1301 voluptates:
1554 1223 1927 1294 enervant,
1955 1221 2032 1276 et
2054 1206 2161 1278 ef·-

245 1317 662 1407 seminant,-
690 1333 763 1386 et
787 1320 1104 1388 multum
1131 1333 1435 1410 petunt3
1478 1319 1795 1386 multum
1836 1333 2077 1386 autem
2120 1341 2165 1386 a

251 1425 536 1496 fortuna
566 1427 974 1520 petendum
1005 1443 1126 1496 est.
1173 1425 1456 1496 Deinde
1484 1425 1919 1516 spernendae
1946 1448 2159 1538 opes.

249 1551 779 1608 auctoramenta
809 1553 975 1606 sunt
1007 1537 1449 1606 servitutum.
1498 1534 1799 1606 Aurum
1778 1551 1879 1604 et
1914 1556 2161 1630 argen-

248 1662 450 1732 tum,
483 1667 558 1718 et
585 1643 948 1740 quidquid
973 1648 1166 1720 aliud
1191 1649 1425 1720 felices
1453 1648 1707 1718 domos
1728 1664 2009 1732 onerat,
2048 1667 2161 1716 re*

249 1755 684 1846 linquatur·
717 1779 869 1826 non
930 1775 1164 1850 potest
1229 1758 1433 1854 gratis
1486 1773 1803 1826 constare
1860 1757 2157 1835 libertas.

255 1862 457 1934 Hanc
495 1865 550 1934 si
585 1889 843 1962 magno
865 1868 1216 1958 aestimas,
1253 1866 1492 1940 omnia
1534 1889 1755 1965 parvo
1788 1863 2166 1940 aestiman-

261 1973 345 2044 da
370 1987 560 2052 sunt.
581 1975 780 2080 Vale.

630 2237 636 2242 .
738 2173 1396 2261 EPISTOLA
1472 2177 1650 2249 CV.

353 2329 564 2398 Brevia,
583 2331 671 2386 sed
685 2331 856 2397 utilia,
872 2345 1137 2402 praecepta
1154 2333 1216 2385 ad
1233 2333 1581 2388 Securitatem.
1613 2329 1776 2402 Lege,
1794 2343 1847 2385 et
1860 2345 2073 2401 usurpa.

532 2462 540 2473 ’
639 2483 988 2607 SENfEcA
1036 2484 1286 2559 Lucilio
1323 2508 1439 2555 suo
1483 2484 1794 2555 Salutem.

209 2642 215 2647 ’
259 2586 558 2749 QUAE
589 2646 1026 2720 observanda
1059 2646 1189 2718 tibi
1217 2648 1399 2734 sint,
1430 2664 1515 2718 ut
1548 2648 1773 2723 tutior
1794 2645 2018 2731 viva-s,
2058 2641 2171 2713 di-

260 2762 432 2824 eam.
483 2756 605 2826 Tu
631 2772 871 2827 tamen
911 2758 1004 2827 sic
1043 2758 1282 2826 audias
1309 2780 1561 2827 censeo
1601 2758 1727 2827 ista
1753 2776 2123 2847 praecepta
2143 2803 2171 2841 ,

261 2866 682 2957 quomode,
724 2868 777 2937 si
807 2866 939 2937 tibi
967 2868 1441 2959 praeciperem
1465 2916 1489 2951 ,
1530 2890 1674 2957 qua
1722 2864 1997 2935 ratione
2034 2863 2173 2932 bo-

258 2995 430 3044 nam
463 2977 968 3047 valitudinem
953 3000 1026 3045 m
1061 2976 1447 3046 Ardeatino
1476 2974 1783 3045 tuereris.
1822 2972 2171 3044 Conside-

255 3086 370 3172 ra,
408 3110 592 3179 quae
631 3089 807 3174 sint,
857 3112 1040 3179 quae
1082 3066 1510 3157 hominem
1474 3108 1567 3164 ,m
1612 3082 1997 3177 perniciem
2042 3082 2175 3151 ho-

263 3197 466 3267 minis
491 3199 861 3295 instigent3
893 3196 1205 3267 invenies
1229 3220 1467 3291 spem,
1488 3193 1865 3282 invidiam,
1882 3192 2170 3278 odium,

259 3326 536 3379 metum
560 3362 580 3395 ,
620 3304 1094 3379 contemtu'm.
1145 3308 1254 3378 Ex
1293 3308 1631 3379 omnibus
1666 3308 1809 3377 istis
1843 3306 2026 3377 adeo
2068 3306 2174 3374 le·

255 3417 621 3487 vissimum
652 3435 753 3488 est
779 3434 1184 3489 contemtus
1207 3469 1230 3505 ,
1278 3435 1362 3488 ut
1388 3420 1599 3489 multi
1630 3418 1704 3487 in
1742 3418 1907 3502 illo,
1946 3436 2172 3485 reme-

261 3524 354 3627 dii
380 3547 619 3611 eausa,
653 3526 1086 3603 delituerint.
1127 3528 1372 3629 Quem
1402 3526 1561 3617 quis
1592 3522 2015 3608 contemnit,
2042 3520 2178 3591 cal-

265 3653 370 3705 cat
399 3637 552 3706 sine
604 3635 876 3723 dubio,
931 3636 1058 3706 sed
1105 3637 1364 3706 transit.
1399 3634 1632 3705 Nemo
1676 3630 1959 3701 homini
2000 3652 2177 3699 con-

259 3761 486 3815 temto
514 3748 965 3840 pertinaciter
987 3798 1008 3833 ,
1040 3768 1258 3815 nemo
1284 3742 1660 3843 diligenter
1683 3758 1917 3813 nocet.
1946 3740 2175 3812 Etiam

177 3869 189 3879 ‘
255 3853 332 3925 in
367 3856 519 3926 a'cie
556 3854 786 3926 iacens
823 3855 1282 3949 praeteritum
1335 3876 1505 3924 cum
1538 3866 1767 3927 stante,
1796 3867 2176 3951 pugnatur.
