2759 4825
600 361 694 461 ⁷8
979 356 1061 436 ι.
1109 357 1569 434 ΑΝΝΑΕῙ
1616 359 2137 463 SENECAE

597 538 768 594 sunt
786 571 812 607 ‚
837 519 1217 616 quomodo
1243 521 1318 592 in
1341 524 1553 620 longa
1573 520 1681 592 via
1710 540 1781 594 et
1804 525 2041 620 pulvis
2060 541 2133 596 et
2153 524 2397 596 lutum
2416 541 2513 598 <et

593 633 856 736 pluvia.
889 669 963 708 «ψ-
1009 632 1151 706 Sed
1172 633 1507 704 volebam
1530 635 1808 721 vivere,
1854 659 2085 708 carere
2118 653 2361 706 tamen
2389 637 2513 708 in-

429 798 434 806 1
477 790 490 816 1
596 744 998 814 commodis
1039 738 1417 814 omnibus!
1452 779 1524 812 -.—
1576 745 1761 816 Tam
1796 747 2195 818 effeminata
2222 771 2368 818 vox
2402 748 2511 818 vi·

593 879 755 927 rum
795 854 1114 927 dedecet.
1167 848 1480 940 Videris,
1530 843 2156 949 quemadmodum
2193 858 2333 929 hoc
2374 882 2521 928 vo*

589 980 754 1035 tum
798 983 1042 1035 meum
1088 965 1420 1058 excipias;
1487 988 1619 1063 ego
1666 966 1849 1036 illud
1902 990 2164 1064 magno
2216 966 2509 1054 anime,

590 1099 745 1147 non
763 1090 1044 1146 tantum
1062 1075 1303 1162 bone,
1328 1075 1547 1146 facio:
1593 1101 1832 1170 neque
1852 1077 2010 1164 Dii,
2040 1101 2281 1169 neque
2306 1073 2511 1148 Deae

591 1183 889 1271 faciant,
930 1200 1012 1255 ut
1052 1199 1124 1254 te
1163 1183 1505 1255 fortuna
1489 1209 1564 1256 m
1604 1185 1871 1258 deliciis
1909 1185 2194 1258 habeat'
2236 1185 2391 1280 Ipse
2424 1199 2511 1258 te

588 1292 984 1389 interroga,
1035 1291 1092 1360 si
1137 1292 1294 1384 quis
1347 1309 1774 1387 potestatem
1818 1292 1953 1364 tibi
2004 1293 2201 1364 Deus
2246 1293 2531 1364 faciat
2476 1343 2505 1384 ,

589 1419 836 1472 utrum
862 1399 1030 1471 velis
1061 1402 1300 1470 vivere
1334 1401 1409 1470 in
1450 1403 1785 1489 macello,
1831 1425 1923 1473 an
1966 1403 2045 1472 in
2076 1403 2323 1474 castris.
2369 1401 2505 1474 At·

587 1509 720 1604 qui
752 1509 1032 1594 vivere,
1080 1505 1348 1594 Lucili,
1398 1506 1697 1579 militare
1738 1523 1861 1578 est.
1893 1507 2165 1604 ‘Itaque
2210 1509 2319 1594 hi,
2361 1507 2501 1601 qui

583 1619 975 1706 iactantur,
1021 1636 1092 1691 et
1117 1641 1246 1712 per
1282 1642 1573 1711 operosa
1607 1636 1829 1712 atque
1856 1619 2079 1692 ardua
2100 1641 2383 1696 ,sursum
2412 1641 2501 1690 ac

585 1725 922 1798 deorsum
963 1741 1144 1798 eunt
1163 1776 1188 1814 ,
1235 1743 1310 1798 et
1353 1727 1846 1821 expeditiones
1882 1725 2497 1822 periculosissimas

584 1839 868 1914 obeunt
884 1888 907 1925 ,
933 1837 1148 1910 fortes
1171 1835 1302 1908 viri
1319 1855 1485 1910 sunt
1504 1888 1527 1926 ,
1550 1830 2036 1933 primoresque
2062 1861 2443 1912 castrorum
2466 1863 2493 1923 3

580 1947 733 2034 isti,
767 1967 952 2040 quos·
973 1945 1225 2040 putida
1251 1947 1497 2038 quiesi,
1524 1949 1669 2018 aliis
1698 1949 2185 2022 laborantibus
2206 1997 2229 2037 ,
2256 1949 2497 2026 molli-
2558 1997 2570 2009 -

581 2072 691 2129 ter
717 2057 976 2143 habet,
997 2054 1395 2128 turturillae
1415 2075 1624 2146 sunt,
1652 2059 1794 2130 tuti
1816 2060 2299 2169 contumeliae
2322 2081 2495 2130 cau-

579 2189 672 2238 sa.
701 2163 909 2260 Vale.

983 2307 1637 2386 EPISTOLA
1708 2313 2065 2387 XCVII.

575 2454 646 2511 Et
661 2469 794 2511 nune
807 2494 824 2521 ,
853 2462 907 2509 et
923 2452 1064 2519 olim,
1093 2443 1254 2510 fuisse
1271 2457 1452 2511 malos.
1488 2452 1782 2525 Exemplum
1801 2474 1829 2509 a
1852 2457 2040 2522 iudicio
2055 2455 2299 2510 Clodiano
2314 2492 2330 2519 ,
2349 2449 2494 2524 quod

703 2548 792 2600 ille
819 2548 1033 2599 nummis
1058 2559 1111 2600 et
1141 2547 1399 2623 adulteriis
1429 2548 1675 2617 corrupit.
1710 2547 1793 2601 De
1815 2548 1871 2600 vi
1894 2548 2072 2601 deinde
2098 2546 2455 2600 Conscientiae
2468 2560 2513 2606 ε’

701 2638 922 2691 damuati
930 2640 994 2691 ab
1009 2654 1066 2693 ea
1079 2641 1210 2691 mala
1220 2676 1234 2701 ,
1245 2650 1401 2709 atque
1416 2642 1565 2693 etiam
1582 2640 1753 2709 puniri
1768 2640 1969 2693 interno
1980 2639 2178 2709 flagello
2191 2651 2281 2691 aut
2294 2652 2493 2693 nonu·

953 2776 1298 2849 SENECA
1351 2775 1600 2848 Lucilio
1643 2798 1757 2847 suo
1794 2776 2108 2847 Salutem·

579 2880 898 3017 ERRAS
921 2991 944 3028 ,
971 2941 1072 3011 mi
1101 2940 1373 3028 Lucili,
1400 2940 1454 3011 si
1479 2940 1829 3011 existimas
1850 2940 2069 3011 nostri
2090 2940 2307 3015 seculi
2334 2956 2483 3013 esse

569 3050 830 3133 vitium
871 3049 1223 3122 luxuriam
1264 3065 1338 3121 et
1369 3046 1871 3146 negligentiam
1907 3047 2088 3119 boni
2114 3049 2371 3133 moris,
2400 3056 2509 3127 et,

567 3160 735 3247 alie,
775 3183 960 3251 quae
999 3157 1266 3249 obiecit
1307 3157 1445 3231 suis
1472 3158 1777 3251 quisque
1804 3157 2271 3251 temporibus.
2316 3157 2483 3227 Ho-

566 3272 853 3343 minum
899 3285 1065 3339 sunt
1108 3269 1272 3355 ista,
1327 3289 1482 3341 non
1534 3283 1989 3361 temporum3
2048 3272 2246 3343 nulla
2290 3284 2485 3345 aetat

565 3379 838 3453 vacavit
865 3403 905 3447 a
934 3379 1162 3471 culpa.
1198 3374 1288 3447 Et
1310 3428 1334 3465 ‚
1369 3379 1425 3449 si
1456 3378 1817 3449 aestimare
1858 3380 2215 3451 licentiam
2242 3380 2479 3451 cuius·

565 3514 714 3586 que
735 3488 948 3562 seculi
972 3489 1293 3583 incipias,
1307 3481 1831 3582 pudet'dicere,
1854 3510 2262 3583 numquam
2278 3496 2479 3583 aper·

561 3600 748 3688 tius,
791 3624 1010 3695 quam
1052 3622 1292 3671 coram
1333 3596 1609 3668 Catone
1632 3648 1655 3685 ,
1702 3616 2077 3691 peccatum
2122 3615 2245 3670 est.
2302 3601 2479 3669 Cre-

462 3744 470 3755 ·
563 3708 688 3781 dat
733 3710 1006 3803 aliquis·
1033 3706 1408 3801 pecuniam
1452 3730 1593 3777 esse
1633 3722 1971 3778 versatam
2016 3705 2093 3773 in
2144 3729 2233 3776 eo
2278 3704 2477 3779 iudi-

560 3818 672 3892 cio
687 3868 712 3908 ,
759 3819 838 3888 in
869 3842 1020 3911 quo
1053 3840 1215 3892 reus
1248 3830 1399 3891 erat
1422 3816 1717 3903 Clodius
1749 3814 1849 3891 ob
1880 3814 1959 3887 id
1988 3814 2425 3902 adulterium
2442 3866 2473 3913 ,
