2759 4825
626 438 743 505 ,μ
848 472 861 483 .
1164 372 1980 514 ΡΚΑῌΡΆΤῙα

704 560 990 645 Denique
1026 563 1105 623 10.
1128 561 1392 621 Frederico
1412 558 1680 619 Gronovio
1705 572 1998 639 quantum
2025 548 2244 621 debeat
2265 550 2504 623 Seneca
2527 601 2558 636 ‚

625 656 924 720 neminem
956 652 1145 736 fugit„
1188 653 1296 735 qui
1331 650 1439 714 vel
1469 650 1674 735 primis
1701 649 1894 711 labiis
1915 650 2306 715 humaniores
2341 654 2566 735 attigit

624 752 848 813 literas.
888 748 1020 829 Qui
1056 744 1297 829 quidem
1318 746 1446 819 vir,
1469 742 1618 805 ‘non
1651 743 1849 805 minus
1873 743 2190 825 prudentia
2217 746 2564 807 modestia·-

628 862 749 926 que
768 889 788 917 ‚
838 858 1017 925 quam
1052 839 1295 921 ingenio
1336 854 1401 899 et
1443 836 1722 899 doctrina
1760 834 2064 899 excellens
2075 876 2106 913 -‚
2151 854 2214 899 et
2251 838 2316 900 in
2351 840 2564 902 corri-

628 936 833 1021 gendis
872 935 1173 1017 corruptis
1216 948 1498 997 veterum
1548 947 1870 996 auctorum
1919 933 2085 995 locis¹
2117 933 2367 997 nimium
2407 931 2559 997 fere

626 1030 871 1093 timidus
889 1075 910 1105 ,
942 1030 1008 1089 in
1048 1026 1329 1111 Lipsiano
1370 1041 1666 1089 contextu
1703 1026 1948 1089 nonnisi
1980 1038 2173 1109 pauca
2207 1026 2326 1109 (ut
2353 1028 2558 1091 modo

626 1122 941 1204 dicebam)
978 1120 1277 1196 mutavit3
1306 1120 1384 1183 de
1407 1121 1680 1204 plurimis
1699 1136 1856 1185 vero
1890 1121 2258 1203 corrigendis
2281 1122 2347 1183 in
2369 1140 2558 1203 egre-

626 1220 738 1301 giis
768 1219 823 1279 in
842 1220 1085 1279 Senecam
1106 1216 1270 1277 Notis
1298 1232 1619 1300 perspecte
1641 1214 1874 1278 monuit
1889 1260 1910 1291 ,
1937 1231 2001 1276 et
2033 1215 2334 1299 corruptis
2355 1216 2543 1279 etiam

625 1329 778 1376 tunc
808 1310 957 1373 locis
982 1310 1135 1372 bene
1166 1310 1367 1371 multis
1399 1324 1776 1391 praesentem
1799 1307 2020 1369 ibidem
2041 1309 2262 1370 adtulit
2287 1309 2545 1371 medici-

625 1424 766 1467 nam
785 1450 804 1481 ,
832 1422 973 1466 cum
1007 1422 1083 1465 ex
1105 1402 1303 1464 msstis
1328 1402 1671 1477 codicibus,
1693 1418 1714 1453 ι
1759 1418 1890 1465 tum
1917 1402 2170 1465 subinde
2195 1422 2272 1465 ex
2305 1404 2539 1485 perspi·

626 1500 756 1563 caci
780 1498 1135 1561 coniectura
1159 1512 1449 1579 paratam.
1491 1495 1962 1559 Gronovianum
1993 1514 2349 1561 contextum
2377 1498 2543 1561 eius·

626 1592 884 1674 demque
902 1588 1023 1651 viri
1043 1588 1239 1651 Notas
1264 1588 1534 1651 exhibuit
1569 1588 1712 1650 mihi
1747 1590 1846 1652 illa
1887 1592 2114 1675 Operum
2147 1594 2372 1654 Senecae
2405 1592 2540 1653 edi-

626 1686 748 1762 tiO‚
764 1704 923 1768 quae
946 1702 1085 1745 cum
1106 1680 1285 1745 Notis
1304 1685 1616 1745 variorum
1637 1684 1958 1745 doctorum
1983 1686 2255 1747 virorum·
2283 1685 2544 1747 Amstelo-

627 1779 773 1841 dame·
796 1779 945 1863 apud
966 1780 1119 1839 Dan.
1144 1777 1371 1859 Elsevir.
1397 1794 1778 1838 Μυσικκιι.
1807 1777 1998 1843 tribus
2028 1776 2170 1839 voll.
2193 1778 2388 1839 forma
2409 1792 2539 1840 oct.

626 1872 849 1957 prodiit
870 1918 890 1947 ,
928 1888 1053 1931 non
1093 1868 1190 1930 illa
1222 1869 1298 1929 ab
1338 1869 1474 1950 ipso
1504 1870 1744 1949 quidem
1781 1868 2114 1933 Gronovio
2145 1886 2387 1945 curata3
2431 1870 2544 1933 sed

626 1968 729 2029 cui
766 1962 1073 2047 praefatus
1108 1962 1270 2024 Dan.
1302 1960 1630 2022 Elsevirius
1657 1960 2018 2041 profitetur,
2057 1960 2324 2025 exhiheri
2363 1962 2428 2021 in
2465 1976 2544 2023 ea

624 2076 921 2120 contextum
940 2057 1091 2117 illum
1104 2100 1125 2127 ,
1153 2076 1297 2134 quem
1332 2054 1638 2115 Gronovius
1665 2056 1870 2115 dederat
1897 2055 2136 2117 ultimum
2149 2100 2172 2127 ‚
2201 2054 2390 2137 (eum
2427 2074 2548 2137 pu·

558 2140 570 2147 ’
626 2168 733 2226 to,
769 2150 953 2232 quiin
976 2149 1163 2209 minori
1188 2147 1519 2209 Elseviriana
1549 2162 1714 2209 auno
1740 2161 2082 2211 Mncnvm.
2109 2148 2365 2230 repetita
2395 2166 2546 2213 con-

625 2241 1006 2322 tinebatur,)
1042 2242 1309 2321 Notusque
1344 2241 1562 2300 eiusdem
1599 2259 1774 2299 omnes
1809 2255 1944 2299 esse
1985 2238 2270 2301 adiectas.
2319 2235 2544 2315 Quum

624 2339 789 2399 altero
836 2334 934 2397 illa
970 2334 1141 2394 minor
1175 2332 1547 2403 Elseviriana,
1593 2348 1772 2414 quam
1811 2330 1994 2392 modo
2027 2330 2337 2391 nominavi
2351 2374 2374 2403 ‚
2411 2346 2546 2391 non

624 2447 787 2493 esset
814 2431 889 2491 ad
928 2445 1168 2499 manus3
1202 2426 1267 2486 in
1304 2426 1458 2487 locis
1490 2425 1831 2500 nonnullis»,
1876 2425 1981 2486 ubi
2009 2423 2312 2487 dubitatio
2339 2423 2546 2506 aliqua

622 2523 769 2586 mihi
796 2523 1037 2586 obiecta
1066 2534 1195 2583 erat
1213 2564 1234 2593 ‚
1259 2520 1480 2603 priorem
1509 2519 1779 2601 inspexi,
1806 2536 1969 2600 >quae
2005 2537 2170 2580 anno
2198 2533 2542 2584 uncxux.

624 2611 882 2704 prodiit,
920 2616 1097 2680 cuius
1130 2629 1349 2696 quarto
1372 2627 1548 2706 tomo
1581 2613 1848 2675 Gronovii
1875 2615 2055 2675 Notae
2086 2613 2502 2676 continentur.

1626 2758 1782 2793 tamen
1822 2760 1922 2793 cum
1958 2761 2073 2793 suas
2102 2741 2550 2798 Animadversionesse

1625 2826 1774 2876 ederet
1782 2843 1803 2888 3
1840 2841 2045 2893 quarum
2080 2826 2286 2877 membr.
2321 2827 2546 2880 mentio·

620 2765 716 2798 aem
732 2763 859 2797 anno
876 2758 947 2798 κ.
962 2757 1055 2795 Dc.
1069 2757 1129 2794 ν.
1148 2758 1408 2810 procusam
1423 2757 1544 2794 con·

621 2838 814 2879 stanter
830 2825 897 2876 ob
916 2824 1095 2878 oculos
1115 2835 1166 2874 et
1185 2823 1239 2873 in
1261 2823 1427 2874 animo
1446 2821 1539 2873 ha-

623 2905 740 2966 bui,
770 2904 969 2973 quoties
989 2903 1040 2953 in
1061 2901 1213 2954 Notis
1234 2901 1425 2953 nostris
1441 2901 1540 2952 cti-

619 2986 734 3038 eicis
747 2985 1149 3053 Lipsiieditionem
1167 2985 1189 3050 (
1202 2983 1302 3036 hoc
1319 2982 1537 3049 scriptu-

618 3079 705 3114 rae
730 3061 1028 3128 compendio
1063 3073 1211 3113 utens
1230 3099 1245 3124 ,
1269 3061 1342 3112 ed.
1364 3057 1534 3128 Lips.)

618 3138 796 3192 citavi.
822 3141 878 3189 ln
899 3137 1087 3190 eisdem
1104 3137 1257 3188 Notis
1272 3174 1286 3198 ,
1304 3153 1369 3190 ne
1387 3135 1537 3188 ambi·

620 3219 813 3290 gnitate
839 3217 1099 3269 falleretur
1128 3217 1339 3279 Lector,
1372 3231 1535 3284 nupe-

617 3297 1001 3366 ramLipsiensem
1012 3277 1255 3347 editionem
1262 3309 1293 3346 n
1300 3311 1532 3363 umquam

618 3377 719 3429 hoc
750 3375 903 3428 titulo
923 3372 1081 3426 citavi
1092 3392 1111 3436 ;
1134 3374 1249 3436 sed,
1281 3372 1369 3424 ubi
1389 3373 1452 3424 de
1473 3389 1534 3426 ea

618 3457 813 3524 agitur,
832 3466 1124 3506 constanter
1152 3452 1370 3506 Editoris
1397 3451 1536 3504 Ruh-

612 3535 761 3606 kopfii
776 3534 981 3585 nomine
999 3533 1127 3586 hanc
1148 3531 1408 3603 insignivi.

689 3633 710 3668 1
740 3613 851 3667 Tres
865 3615 1177 3667 codd-mutos
1187 3613 1524 3682 Epistularum

617 3693 835 3746 Senecae
868 3703 1067 3758 praesto
1104 3689 1267 3742 fuisse
1286 3689 1526 3742 Gronovio

617 3775 843 3841 reperio:
864 3773 1096 3840 primum,
1114 3771 1396 3822 membranas
1413 3789 1526 3838 quae

618 3853 1075 3921 aliquandofuerant
1095 3849 1303 3913 Crateri,
1322 3847 1528 3906 nondum
1579 3877 1585 3882 ·

1625 2917 1740 2955 nem
1774 2903 1898 2956 fecit
1927 2903 1979 2953 in
2009 2901 2167 2956 Praef.
2202 2904 2264 2954 ad
2297 2907 2548 2960 minorem

1625 2983 1750 3036 edit.
1759 2983 1974 3037 Elsevir.
1987 2984 2132 3051 ¹⁶49·
2153 2979 2550 3047 Quibus'acces·

1622 3076 1734 3114 sere
1765 3061 1942 3113 deinde
1961 3061 2059 3128 (ut
2087 3061 2237 3113 docet
2260 3063 2400 3121 idem,
2419 3061 2550 3116 Gro-

1623 3158 1732 3192 nov.
1751 3142 1804 3194 in
1819 3140 2136 3194 praefatione
2154 3143 2404 3195 decennio
2424 3158 2550 3212 post

1622 3220 1832 3286 scripta,
1858 3235 2011 3288 quum
2036 3217 2349 3287 repeteretur
2371 3222 2544 3275 eadent

1619 3298 1784 3351 minor
1803 3297 1960 3352 editio
1977 3299 2281 3352 Elseviriana
2295 3305 2320 3369 )
2336 3298 2440 3354 d'uo
2459 3301 2545 3356 alii

1619 3378 1817 3430 codices
1831 3395 1852 3442 ,·
1882 3379 2008 3430 alter
2027 3375 2332 3445 Effurdensls
2345 3417 2364 3441 ,
2399 3382 2426 3450 (
2437 3397 2544 3436 non

1619 3456 1998 3510 confundendus
2023 3473 2137 3508 cum
2165 3458 2510 3526 Amploniano
2525 3499 2544 3524 ,

1619 3536 1683 3592 de
1708 3554 1812 3606 quo
1836 3553 1990 3604 supra
2019 3537 2244 3608 dictum)
2273 3541 2404 3591 alter
2422 3538 2542 3591 Me.

1611 3615 1826 3678 Heinsii5
1856 3633 1915 3668 ac
1946 3629 2203 3684 praeterea
2231 3634 2297 3670 ex
2333 3617 2538 3671 duobus

1613 3694 1868 3747 codicibus
1881 3695 2294 3754 Bruxellensibus
2321 3697 2542 3769 aliisque

1613 3785 1882 3846 excerptae
1897 3772 2184 3828 Lectiones.
