2759 4825
643 364 778 440 162
1012 361 1092 435 L.
1141 356 1599 438 ANNAEI
1648 355 2177 434 SENECAE

637 527 882 600 dicant
905 577 932 616 ,
963 523 1300 596 simultas
1323 547 1455 618 per
1478 524 1737 595 milites
1766 523 2161 622 provincias
2184 525 2552 614 obtinent,

636 653 712 708 et
739 660 956 709 novas
979 634 1336 708 veteribus
1367 633 1811 732 adiungunt3
1846 634 2092 732 ignari,
2129 635 2331 727 quod
2354 636 2440 706 sit
2464 637 2557 706 il·-

635 747 766 818 lud
795 747 1042 842 ingens
1060 795 1082 833 ,
1114 766 1387 838 parque
1410 741 1597 829 Diis,
1626 743 1965 836 regnum!
1996 741 2349 835 Imperare
2374 743 2511 817 sibi
2530 792 2557 829 ‚

633 857 1034 942 maximum
1075 853 1461 948 imperium
1506 868 1628 923 est.
1656 851 1953 922 'Doceat
1986 874 2141 937 me,
2182 874 2403 943 quam
2438 877 2552 924 sa-

631 991 748 1038 cra
769 989 874 1038 res
899 965 988 1036 sit
1009 964 1270 1035 iustitia
1296 1014 1319 1050 ,
1361 961 1674 1033 alienum
1703 961 1986 1032 bonum
2005 977 2385 1054 ,spectan83
2432 962 2560 1030 ni·-

632 1074 738 1146 hil
761 1096 852 1144 ex
873 1098 948 1144 se
967 1090 1256 1165 petens,
1295 1070 1427 1142 nisi
1457 1093 1667 1142 usum
1700 1069 1831 1140 sui.
1886 1068 2087 1139 Nihil
2120 1068 2211 1138 sit
2248 1069 2351 1140 illi
2374 1093 2553 1140 cum

607 1177 1030 1258 ‘ambitione
1071 1181 1441 1275 famaque3
1484 1179 1615 1252 sibi
1640 1180 1951 1274 placeat!
1997 1179 2159 1250 Hoc
2195 1196 2360 1250 ante
2386 1205 2555 1250 om-

633 1296 752 1368 nia
796 1294 928 1368 sibi
971 1293 1276 1387 quisque
1327 1291 1776 1384 persuadeat:
1840 1289 2035 1377 „Me
2083 1289 2353 1360 iustum
2403 1312 2551 1360 esse

629 1405 834 1502 gratis
861 1418 1146 1495 oportet
1171 1401 1186 1470 !
1207 1409 1254 1448 ‘⁶
1319 1402 1577 1472 Parum
1600 1400 1738 1470 est!
1794 1400 2027 1472 adhuc
2061 1397 2246 1479 illud
2264 1423 2554 1492 persua-

630 1514 796 1584 deat
837 1512 1006 1584 sibi:
1057 1509 1253 1599 „Me
1293 1509 1371 1580 in
1402 1510 1583 1580 hanc
1623 1510 2172 1603 pulcherrimam
2202 1509 2549 1580 virtutem

629 1625 828 1695 ultro
854 1622 1072 1694 etiam
1096 1620 1490 1713 inpendere
1516 1620 1753 1705 iuvet3
1785 1635 1937 1690 tota
1964 1619 2305 1716 cogitatio
2326 1645 2367 1690 a
2398 1621 2573 1714 pri-.

628 1729 806 1800 vatis
853 1728 1252 1802 commodis
1306 1751 1529 1818 quam
1583 1728 1988 1824 longissime
2048 1752 2282 1802 aversa
2324 1729 2454 1799 sit!
2492 1735 2549 1774 “

626 1837 804 1910 Non
831 1855 977 1925 est,
1015 1837 1217 1929 quod
1256 1852 1567 1928 specteS,
1612 1834 1813 1928 quod
1854 1835 1942 1906 sit
1975 1836 2195 1907 iustae
2220 1838 2319 1908 rei
2346 1859 2553 1930 prae-

624 1946 860 2018 mium
879 1945 1136 2032 maius,
1170 1967 1391 2036 quam
1425 1943 1681 2014 iustam
1711 1967 1873 2013 esse.
1920 1945 2111 2014 Illud
2134 1945 2377 2019 adhuc
2405 1945 2546 2016 tibi

549 2120 560 2132 ,
622 2053 860 2148 adfige
881 2103 906 2140 ,
936 2051 1142 2145 quod
1183 2053 1403 2144 paulo
1432 2068 1596 2122 ante
1621 2050 1983 2124 dicebam:
2031 2053 2231 2124 Nihil
2258 2055 2352 2125 ad
2390 2080 2548 2125 tem

561 2141 576 2162 ’
621 2165 1017 2254 pertinere,
1058 2185 1280 2254 quam
1327 2161 1542 2232 multi
1584 2163 2019 2254 aequitatem
2052 2158 2550 2266 ,tuam*nove-

621 2272 788 2346 rint.
831 2273 984 2380 Qui
1007 2273 1348 2346 virtutem
1375 2297 1577 2344 suam
1604 2275 1953 2368 publicari
1982 2277 2180 2364 vult,
2223 2301 2375 2349 non
2402 2279 2549 2348 vit-

623 2384 768 2454 tuti
793 2385 1070 2457 laborat
1087 2436 1110 2473 ,
1153 2383 1276 2458 sed
1301 2384 1584 2483 gloriae.
1640 2386 1815 2459 Non
1852 2386 1955 2460 vis
1982 2412 2122 2460 esse
2145 2389 2366 2463 iustus
2392 2391 2547 2462 sine

621 2492 890 2591 gloria?
925 2492 1023 2565 At
1042 2545 1065 2581 ,
1093 2494 1535 2565 mehercules
1552 2545 1575 2581 ,
1604 2519 1808 2588 saepe
1834 2496 2057 2569 iustus
2084 2522 2223 2569 esse
2247 2498 2575 2571 debebis.

621 2626 793 2675 cum
816 2600 1122 2673 infamia.
1155 2603 1246 2675 Et
1270 2617 1487 2691 tunc,
1520 2603 1574 2675 si
1608 2608 1828 2699 sapis,
1875 2608 2059 2681 mala
2078 2607 2327 2703 opinio
2354 2608 2546 2681 bene

619 2728 822 2809 parta·
840 2712 1159 2787 delectat.
1190 2713 1395 2787 Vale.

1049 2891 1188 2965 ΕΡ
1218 2891 1321 2965 ts
1353 2891 1697 2964 ToLA
1768 2866 2091 2967 cxlv.‘

621 3024 972 3098 Eloquentiam
991 3027 1112 3081 alias
1134 3028 1278 3081 aliam
1299 3040 1436 3091 esse,
1456 3039 1510 3079 et
1528 3028 1724 3095 placete
1744 3044 1758 3080 ε
1781 3028 1860 3080 uti
1888 3045 2055 3083 mores
2074 3029 2267 3099 publici
2282 3043 2429 3095 sunt,
2448 3046 2539 3087 se-

746 3116 860 3171 veri
873 3155 890 3181 ,
911 3119 1095 3182 soluti,
1112 3116 1280 3169 fracti.
1301 3118 1376 3169 Ab
1396 3116 1562 3168 animo
1576 3120 1797 3170 coloten:
1813 3120 1948 3171 illam
1964 3136 2189 3175 sumere:
2210 3122 2360 3192 idque
2372 3140 2547 3177 exem-

745 3209 832 3277 plo
847 3207 1155 3262 Maecenatis
1175 3208 1341 3264 docet.
1361 3209 1513 3261 Illum
1528 3208 1686 3279 igitur
1702 3211 1978 3263 curandum
1996 3225 2051 3266 et
2066 3212 2381 3268 formandum
2398 3233 2515 3271 esse
2528 3234 2545 3269 z

748 3314 782 3351 a
797 3314 900 3369 quo
915 3314 1100 3353 sensus
1118 3312 1174 3353 et
1189 3298 1347 3353 verba
1359 3294 1539 3354 deinde
1554 3314 1708 3363 recta.
1742 3302 1925 3359 Obiter
1943 3318 2121 3361 contra
2136 3309 2411 3366 luxuriam.

629 3464 822 3681 Q
1005 3441 1350 3514 SENECA
1395 3444 1647 3516 Lucilio
1682 3472 1797 3517 suo
1831 3447 2150 3523 Salutem.

834 3582 1060 3638 UARE
1079 3568 1454 3663 quibusdam
1474 3574 1860 3670 temporibus
1865 3582 2229 3672 provenerit
2246 3584 2542 3679 corrupti

612 3680 878 3767 generis
913 3681 1118 3749 oratio
1139 3682 1184 3747 »1⁹
1223 3682 1532 3773 quaeris3
1574 3701 1647 3752 et
1677 3686 2054 3776 quomodo
2078 3688 2154 3756 in
2176 3683 2533 3781 quaedam

618 3781 788 3855 vitia
821 3786 1188 3863 inclinatio
1210 3790 1673 3889 ⁵ingeniosum
1712 3793 1893 3883 facta
1931 3796 2055 3887 sit,
2101 3813 2185 3869 ut
2210 3798 2534 3895 aliquan·
