2759 4825
613 439 752 490 222
991 407 1074 479 L.
1123 400 1577 522 ANNAEI
1638 396 2157 474 SENECAE

605 567 1032 667 perniciosos
1057 554 1220 636 'esse
1257 560 1541 634 auribus
1576 559 1865 647 nostrie,
1902 560 2029 651 qui
2071 558 2537 650 voluptatem
2755 551 2758 650 ξ

607 679 936 761 laudant3
969 675 1096 766 qui
1117 673 1397 742 dolores
1418 719 1440 756 ‚
1471 685 1703 738 metus
1725 717 1748 754 ,
1788 692 1916 761 per
1940 693 2011 737 se
2036 666 2553 738 formidabiles·
2755 651 2758 676 ¹

606 815 749 876 tea,
783 788 988 882 [sive.
1015 783 1148 875 qui
1173 779 1435 851 doloris
1460 792 1772 862 metum,
1807 799 1938 868 per
1964 800 2037 846 se
2060 771 2538 846 formidabilis

605 901 743 988 rei,
765 897 792 992 ]
820 889 1230 966 incutiunt?
1259 889 1423 958 Illos
1448 909 1749 978 quoque
1770 909 2027 956 nocere
2054 885 2259 964 nobjs
2288 884 2535 956 existi-

600 1036 734 1086 mo
755 1059 780 1097 ,
823 1008 950 1102 qui
994 1028 1125 1076 nos
1159 1001 1292 1072 sub
1319 975 1569 1094 specie‘
1582 995 1861 1068 Stoicae
1892 1015 2117 1069 sectae
2151 997 2533 1068 hortantut

607 1121 701 1191 ad
729 1118 918 1190 vitia.
963 1115 1127 1186 Hoc
1153 1111 1344 1182 enim
1369 1109 1658 1178 iactant:
1687 1107 1908 1176 Solum
1932 1107 2299 1204 Sapientem
2324 1121 2392 1174 et
2414 1105 2532 1174 do·-

605 1249 782 1304 ctum
805 1251 934 1298 esse
957 1241 1324 1296 amatorem·
1360 1220 1552 1290 Solus
1588 1235 1778 1316 aptus
1800 1218 1891 1288 ad
1926 1219 2089 1288 hanc
2114 1235 2323 1290 artem
2340 1269 2364 1293 ,
2410 1243 2532 1290 ae-

605 1367 723 1439 que
768 1337 1050 1434 [atque]
1097 1332 1482 1404 combibendi
1524 1348 1589 1404 et
1637 1331 2015 1402 convivandi
2034 1383 2059 1406 0
2110 1333 2379 1428 Sapiens
2430 1345 2533 1402 est

599 1448 1050 1549 peritissimus.
1103 1443 1551 1556 Quaeramus,
1574 1441 1663 1512 ad
1678 1467 1867 1536 quam
1894 1467 2088 1538 usque
2114 1457 2391 1512 aetatem
2418 1443 2531 1510 iu·-

603 1582 792 1633 venes
825 1554 1090 1626 amandi
1117 1554 1272 1622 sint.
1302 1591 1374 1604 --
1440 1551 1637 1623 Haec
1670 1550 1973 1622 Graecae
2018 1548 2531 1622 consuetudini

607 1668 773 1739 data
803 1667 945 1735 sint
962 1689 984 1749 3
1021 1686 1154 1732 nos
1176 1660 1270 1730 ad
1294 1660 1413 1729 illa
1435 1657 1675 1753 potius
1698 1683 1899 1730 aures
1932 1657 2344 1756 dirigamus:
2380 1658 2531 1730 Ne-

605 1801 710 1847 mo
737 1793 834 1845 est
869 1797 1024 1844 casu
1051 1772 1282 1842 bonus.-
1325 1769 1625 1840 discenda
1654 1769 1865 1842 virtus
1896 1786 2011 1840 est.
2074 1769 2375 1866 Voluptas
2400 1769 2545 1838 hu-.

606 1884 780 1952 milis
811 1907 912 1951 res
945 1892 1009 1950 et
1038 1878 1284 1976 pusilla
1327 1894 1467 1952 est.
1516 1879 1675 1946 etin
1720 1877 1899 1948 nullo
1943 1876 2232 1948 habenda
2263 1879 2547 1976 pretio.¹

605 1992 954 2064 communis
981 2011 1125 2058 cum
1149 1990 1348 2056 mutis
1382 1986 1801 2060 animalibus.
1842 1987 1933 2056 ad
1949 2012 2139 2082 quam
2168 1989 2437 2057 minima
2459 2000 2531 2057 et

606 2099 1102 2173 contemtissima
1127 2095 1455 2167 advolant.
1486 2095 1708 2166 Gloria
1724 2121 1961 2168 vanum
1978 2114 2047 2168 et
2058 2098 2329 2169 volubile
2342 2085 2543 2191 quid«

607 2213 756 2282 dam
793 2225 926 2283 est.
973 2230 1256 2302 auraque
1291 2206 1607 2276 mobilius.
1664 2206 2028 2304 Paupertas
2071 2207 2241 2278 nulli
2274 2207 2529 2300 malum

607 2336 735 2394 est,
771 2319 900 2389 nisi
921 2317 1332 2415 repugnanti.
1367 2315 1549 2384 Mors
1582 2316 1827 2386 malum
1852 2339 1975 2386 non
2008 2333 2125 2386 est.
2167 2315 2459 2431 Quidsit
2476 2320 2539 2388 ἒ.

603 2427 880 2524 quaeris.
894 2423 1071 2493 ,Sola
1095 2425 1198 2491 ius
1222 2446 1487 2517 aequum
1508 2418 1767 2515 generis
1802 2422 2086 2495 humani.
2130 2426 2523 2522 Superstitio

605 2560 786 2607 error
825 2535 1222 2603 insanientis.
1243 2532 1372 2624 [al.
1402 2532 1719 2627 insanus]
1762 2549 1897 2601 est.-
1952 2533 2259 2605 amandos
2296 2536 2525 2607 timete

601 2669 756 2743 quos
779 2643 968 2717 colit,
995 2642 1212 2715 violat.
1244 2641 1430 2754 Quid
1452 2645 1618 2713 enim
1646 2646 1936 2717 interest,
1964 2660 2185 2713 utrum
2210 2642 2391 2715 Deos
2410 2670 2526 2715 ne·
2754 2716 2756 2737 Ι

598 2781 757 2852 ges.
786 2780 870 2823 an
895 2751 1226 2850 infames?
1258 2754 1461 2821 Haeo
1486 2750 1860 2838 discenda,
1890 2754 2119 2825 immo
2148 2734 2527 2831 ediscenda
2637 2775 2640 2777 ’
2754 2740 2756 2747 ⁴

603 2881 808 2938 sunt:
855 2886 1005 2933 non
1053 2862 1270 2933 debet
1313 2864 1797 2934 excusationes
1840 2862 2021 2935 vitio
2065 2865 2547 2960 Philosophia-

602 2996 986 3069 suggerere.
1006 2972 1299 3041 Nullam
1325 2972 1547 3041 habet
1572 2996 1771 3064 spem
1786 2972 2023 3043 salutis
2044 2997 2273 3069 aeger,
2294 2998 2525 3069 quem

601 3082 698 3154 ad
722 3081 1342 3174 intemperantiam
1375 3081 1698 3153 medicus
1720 3084 2063 3153 hortatur.
2102 3070 2351 3155 Vale.‘

960 3238 1621 3313 EPISTOLA
1688 3241 2115 3324 CXXIV.

606 3372 802 3425 Contra
817 3367 1094 3439 Epicureos
1110 3407 1125 3432 ,
1155 3367 1208 3421 in
1227 3369 1449 3422 Ratione
1466 3408 1481 3432 ,
1504 3387 1610 3422 non
1640 3371 1828 3433 Sensu,
1849 3370 2041 3424 Bonum
2068 3390 2197 3429 esse.
2235 3372 2417 3440 Itaque
2434 3372 2537 3427 ine

659 3464 666 3471 ·
729 3451 894 3503 fantes
920 3450 1139 3501 nondum
1171 3448 1283 3501 eius
1306 3464 1514 3515 capaces
1532 3466 1548 3499 t
1573 3466 1742 3518 neque
1768 3452 1975 3515 plenum
1998 3464 2108 3514 est,
2139 3450 2240 3503 nisi
2262 3452 2350 3503 ubi
2372 3445 2532 3520 plenaL

725 3531 900 3590 Ratio.
917 3528 1190 3595 Quomodo
1209 3528 1479 3596 intelligam
1499 3527 1553 3579 iu
1566 3544 1645 3583 me
1660 3528 1807 3585 esse?
1822 3530 1865 3581 si
1878 3542 2022 3583 extra
2034 3548 2115 3583 me
2130 3530 2255 3583 nihil
2266 3548 2530 3600 quaeram.

614 3659 619 3664 ·
697 3650 864 3825 P
991 3630 1329 3701 SENECA
1371 3627 1623 3697 Lucilio
1667 3653 1779 3699 suo
1814 3631 2128 3703 Salutem.

871 3766 1168 3819 OSSUM
1189 3750 1397 3818 multa
1428 3749 1545 3817 tibi
1572 3766 1853 3819 veterum
1877 3770 2220 3852 praecepta
2242 3757 2525 3856 referre,
2627 3823 2637 3833 .
2750 3740 2752 3768 ¹

695 3859 769 3927 ni
791 3857 1081 3955 refugis.
1113 3877 1446 3955 tenuesque
1461 3859 1646 3958 piget
1678 3858 2050 3955 cognoscere
2079 3888 2293 3939 curas.
