2759 4825
1203 420 2017 493 PRAEFATIO.

610 620 617 629 ·
651 577 789 639 dem
836 572 1143 658 pertinent
1188 590 1456 655 quatuor
1495 568 1698 632 Gallici
1734 568 1928 632 codices
1943 612 1966 641 ,
1997 553 2350 631 zxitxvm.
2383 564 2580 649 prio-

651 688 753 753 res
788 666 1057 731 Senecae
1102 663 1401 747 Epistolas
1445 662 1745 745 complexi
1763 708 1782 737 ‚
1811 676 1970 744 quos
2010 659 2244 723 Barisiis
2285 657 2440 721 olim
2481 660 2582 719 lm

656 767 964 847 opsopoeus
1004 778 1144 823 cum
1184 757 1462 841 exemplo
1499 756 1847 821 Erasmiano
1885 752 2181 828 contulit,
2215 768 2584 833 excerptas-

650 875 779 941 que
802 872 882 917 ex
902 854 993 917 eis
1015 851 1336 915 Lectiones
1355 849 1582 934 publici
1601 850 1754 914 iuris
1781 846 1956 925 fecit,
1975 844 2232 933 primum
2267 847 2331 909 in
2365 847 2584 911 lucem

654 950 903 1014 emissas
918 948 983 1009 in
1010 964 1081 1010 ea
1106 944 1386 1029 Operum
1405 943 1671 1005 Senecae
1691 941 1988 1016 editione,
2019 960 2174 1025 quae
2195 941 2436 1005 Parisiis
2451 959 2586 1003 an·-

652 1064 743 1109 no
784 1054 1212 1106 mcxxxvu.
1258 1036 1482 1123 prodiit
1499 1080 1518 1111 ,
1557 1036 1704 1099 Nic.
1749 1035 1926 1099 Fabri
1959 1036 2174 1099 studio
2219 1050 2580 1119 procurata.

654 1139 851 1221 Quae
879 1137 1203 1200 Lectiones
1226 1134 1552 1217 plurimum
1576 1132 1750 1195 nobis
1767 1148 1913 1197 cum
1939 1132 2078 1195 alibi
2101 1132 2169 1196 in
2191 1132 2588 1195 constimen-

654 1234 737 1297 do
790 1230 1074 1293 editionis
1108 1236 1364 1292 'nostrae
1409 1225 1684 1310 exemplo
1725 1226 2135 1310 profuerunt,
2197 1242 2333 1291 tum
2377 1228 2450 1289 ‘in
2507 1242 2588 1287 ea

657 1322 1013 1411 praesmim
1040 1321 1242 1405 operis
1270 1332 1444 1402 parte
1465 1364 1484 1395 ,
1521 1338 1644 1401 qua
1669 1314 1972 1383 defectum
2006 1336 2138 1381 esse
2157 1334 2437 1383 nostrum
2457 1334 2584 1379 eo-

656 1422 853 1483 dicem
897 1419 1035 1498 Arg.
1080 1418 1130 1475 b.
1168 1414 1444 1477 diximus.
1487 1413 1567 1476 Et
1605 1432 1816 1479 omnes
1847 1412 2088 1496 quidem
2125 1413 2216 1476 illi
2249 1412 2584 1497 Opsopoei

656 1514 899 1579 codices
938 1510 1386 1593 probatissimas
1415 1528 1596 1593 saepe
1627 1508 1920 1573 lectiones
1943 1527 2074 1573 uno
2106 1526 2419 1572 consensu
2454 1526 2588 1571 no«

656 1608 752 1670 bis
792 1604 1112 1679 obtulere,
1142 1602 1253 1664 sed
1284 1601 1393 1665 ubi
1433 1601 1600 1663 inter
1625 1596 1692 1663 se
1731 1600 2178 1683 discrepabant,
2229 1600 2312 1661 ibi
2349 1598 2479 1664 fide
2513 1613 2581 1660 et

658 1696 966 1785 probitate
998 1688 1245 1777 reliquis
1280 1708 1592 1777 praestare
1623 1692 1774 1755 mihi
1795 1686 2120 1756 Nicetiana
2139 1694 2312 1755 visus
2335 1708 2436 1755 est
2450 1736 2473 1767 ‚
2503 1691 2577 1753 ad

658 1805 929 1872 cumque
977 1788 1251 1872 proxime
1301 1787 1594 1851 accedere
1637 1786 1790 1851 alter
1833 1802 1912 1849 ex
1963 1788 2251 1861 Puteanis,
2295 1787 2348 1848 is
2393 1804 2578 1869 quem

656 1879 1034 1965 opsopoeus
1058 1881 1189 1963 ipse
1224 1882 1445 1964 passim
1469 1882 1774 1965 optimum
1803 1880 2213 1964 praedicavitt
2247 1868 2444 1963 quare
2463 1898 2582 1943 vo·

651 450 769 507 ²⁴²

546 2050 555 2055 ,
658 1976 891 2039 {ueram
907 2020 932 2049 ,
967 1989 1040 2037 ut
1080 1973 1459 2057 frequentius
1474 2021 1493 2050 ,
1528 1995 1709 2058 quam
1735 1976 1821 2039 illi
1853 1978 2053 2040 visum
2085 1991 2250 2049 erat,
2293 1976 2580 2038 nomina-

658 2070 773 2131 tim
798 2084 917 2145 nos
952 2066 1261 2129 docuisset
1277 2112 1299 2142 ,
1333 2068 1579 2148 quinam
1609 2086 1687 2129 ex
1720 2083 1985 2151 quatuor
2009 2068 2322 2131 codicibus
2353 2067 2584 2131 lectio-

660 2178 806 2223 nem
832 2174 1139 2242 quamque
1165 2154 1243 2221 ab
1268 2159 1407 2241 ipso
1429 2158 1778 2223 adnotatam
1805 2161 2160 2237 obtulissem
2186 2163 2489 2243 quoniam
2514 2163 2578 2223 in

658 2254 996 2319 lectionum
1030 2252 1434 2336 discrepantia
1452 2299 1471 2328 ,
1491 2257 1750 2319 caeteris
1785 2257 2090 2319 rationum
2116 2257 2442 2319 momentis
2467 2258 2580 2339 pa-

660 2349 833 2416 ribus
848 2394 869 2425 ,
897 2347 1061 2411 haud
1096 2346 1276 2409 dubie
1306 2364 1523 2410 eorum
1553 2349 1833 2416 codicum
1865 2351 2218 2436 praevalere
2257 2349 2443 2414 debet
2467 2368 2580 2411 au·-

658 2446 912 2510 ctoritas
926 2490 948 2520 ,
978 2441 1085 2525 qui
1120 2444 1512 2525 caeteroquin
1547 2444 1946 2526 probatissimi
1991 2443 2214 2507 fuerint
2256 2443 2575 2528 comperti.

663 2538 781 2604 Sed
804 2538 953 2601 illud
978 2537 1236 2599 maxime
1266 2536 1471 2611 dolui,
1506 2539 1923 2621 parcissimum
1946 2541 2200 2604 omnino
2225 2541 2577 2603 itt-enotan·

660 2630 755 2692 dis
774 2629 1052 2692 codicum
1080 2643 1332 2690 suorum
1358 2625 1722 2692 lectionibus
1733 2629 2133 2714 Opsopoeum
2155 2630 2378 2707 fifisse3
2404 2633 2578 2714 quip-

662 2740 745 2806 pe
770 2721 912 2804 qui,
940 2739 1053 2805 pro
1070 2719 1309 2784 illorum
1339 2737 1515 2784 more
1534 2736 1913 2808 temporum,
1941 2744 2068 2788 non
2093 2726 2212 2788 nisi
2239 2726 2330 2788 eis
2367 2723 2496 2788 fere
2513 2726 2578 2786 in

664 2817 821 2882 locis
852 2815 1101 2880 codices
1126 2831 1345 2880 msstos
1374 2815 1758 2901 inspexisset,
1799 2835 1906 2882 aut
1938 2835 2104 2883 certe
2135 2819 2221 2882 ibi
2255 2819 2456 2882 solum
2491 2820 2579 2880 le·

662 2912 905 2974 ctiones
944 2908 1186 2974 illorum
1214 2909 1566 2994 protulisset
1582 2957 1604 2988 ,
1643 2911 1750 2974 ubi
1777 2911 2071 2976 mendosa
2109 2928 2182 2973 ac
2215 2912 2462 2974 minime
2490 2910 2578 2973 fe·

662 3070 921 3140 Epistoias
943 3069 1224 3124 exhiberet.
1254 3069 1333 3122 Ad
1360 3033 1580 3124 eamden
1667 3090 1776 3130 cem
1789 3110 1806 3138 ,
1825 3091 1855 3128 e
1871 3089 1977 3144 quo
1998 3073 2150 3127 ducta
2167 3087 2304 3127 esset
2321 3075 2490 3142 aliqua
2511 3075 2583 3126 le-

671 3165 826 3220 porro
842 3187 857 3215 ,
881 3165 938 3200 ac
955 3148 1171 3210 fortasse
1188 3146 1411 3200 etiamad
1429 3159 1583 3200 vetu-
1663 3153 1774 3204 ctio
1799 3153 1995 3220 abipso
2026 3155 2254 3220 prolata,
2283 3152 2577 3209 nominatim

666 3225 841 3282 stioris
856 3225 1020 3278 nostri
1038 3225 1225 3277 codicis
1244 3243 1291 3274 a.
1314 3223 1576 3286 familiam,
1666 3229 1973 3297 designavit,
2001 3242 2056 3282 et
2085 3230 2296 3282 omnino
2331 3247 2581 3300 perpauca

667 3305 983 3378 pertinebant
1002 3315 1134 3372 puto
1154 3302 1383 3354 nonnulli
1409 3319 1474 3355 ex
1490 3303 1585 3354 Hi-

670 3388 879 3456 spania-is
892 3382 995 3436 inis
1010 3383 1271 3444 codicibus,
1282 3399 1497 3451 qnorum
1517 3398 1584 3435 ex

584 3498 593 3512 ·
669 3467 979 3540 praescripto
1006 3466 1127 3520 olim
1160 3465 1428 3520 Fet-naudus
1457 3465 1586 3518 Pin·-

572 3550 579 3562 “
668 3553 833 3602 cianus
848 3565 961 3600 suas
979 3547 1034 3601 in
1053 3548 1273 3601 Senecae
1290 3547 1586 3616 Philosophi

666 3628 856 3696 scripta
910 3626 1277 3697 Castigationes
1330 3627 1550 3681 ediderat
1567 3665 1584 3692 ,

668 3722 806 3772 quos
854 3706 1057 3760 codices
1102 3709 1443 3758 vetustissimos
1497 3707 1584 3761 ille

667 3781 977 3850 praedicavit
992 3801 1008 3834 ι
1026 3783 1089 3836 de
1104 3786 1290 3854 quibus
1316 3784 1547 3852 equidem
1563 3821 1582 3848 ,

672 3859 909 3928 quonian
942 3861 1147 3916 nonnisi
1190 3877 1394 3930 perraro
1435 3861 1584 3916 codi-

1672 3323 1738 3359 ex
1757 3308 1990 3362 omnibus
2003 3307 2233 3361 enotavit
2246 3347 2262 3374 ,
2283 3307 2412 3362 nihil
2427 3309 2582 3371 aliud,

1671 3387 1773 3440 nisi
1797 3387 1898 3440 hoc
1932 3386 1986 3438 in
2018 3386 2316 3442 universum
2333 3425 2350 3451 ,
2372 3403 2582 3456 possum

1643 3473 1654 3479 ’
1669 3462 2021 3530 pronuntiare,
2037 3465 2244 3531 probam
2265 3481 2393 3528 esse,
2411 3481 2468 3516 ac
2479 3480 2584 3518 me-

1671 3541 1771 3592 rito
1797 3540 1978 3595 deinde
2003 3557 2032 3592 a
2055 3542 2270 3596 Mureto
2299 3556 2552 3610 receptam
2565 3580 2581 3606 ,

1667 3623 1905 3676 maiorem
1923 3634 2112 3691 partem
2131 3621 2412 3676 lectionum
2425 3661 2442 3687 ,
2458 3637 2581 3690 quas

1669 3717 1734 3755 ex
1758 3701 1859 3755 illis
1881 3703 2140 3759 codicibus
2161 3701 2422 3758 Pincianus
2437 3718 2582 3756 com·

1665 3783 2007 3840 neudlvmto
