2759 4825
687 314 776 458 {2
1063 378 1152 451 L.
1197 371 1649 453 ΑΝΝΑΕῙ
1688 370 2207 489 SENECAE

684 556 1084 613 curvantur.
1133 539 1421 612 Excidit
1440 528 1657 635 poi-ro
1684 542 1893 630 vobis
1909 592 1933 629 ,
1960 540 2313 614 eumdem
2339 535 2648 613 Demo·

685 653 944 725 tritum
975 652 1360 738 invenisse,
1406 649 2031 743 quemadmodum
2065 651 2247 727 ebur
2288 652 2645 723 mollire·-
2720 712 2722 737 ÷

681 776 836 845 tur,
863 759 1489 853 quemadmodum
1514 759 1851 831 decoctus
1866 761 2179 832 calculus
2195 762 2273 831 in
2302 784 2641 858 smarag-

684 868 865 939 dum
909 886 1487 955 converteretur,
1545 892 1691 961 qua
1731 869 2103 963 hodieque
2150 887 2467 941 coctura
2526 870 2647 940 in·
2684 943 2694 951 ,

645 1008 650 1013 ·
679 980 879 1051 venti
905 980 1174 1073 lapides
1201 982 1276 1050 in
1301 981 1443 1051 hoc
1468 980 1679 1050 utiles
1702 982 2131 1051 colorantur.
2172 980 2317 1053 Ista
2346 981 2647 1073 sapiens

679 1087 1274 1173 licetinvenerit,
1313 1110 1467 1157 non
1489 1136 1513 1173 ,
1554 1110 1701 1179 qua
1732 1088 2011 1181 sapiens
2044 1102 2230 1175 erat,
2276 1086 2589 1158 invenit
2620 1114 2641 1157 z

682 1200 910 1268 multa
944 1197 1142 1268 enim
1181 1195 1383 1283 facit,
1437 1218 1623 1288 quae
1662 1194 1755 1264 ab
1800 1194 2467 1293 inprudentissimis
2512 1210 2643 1267 aut

679 1332 910 1401 aeque
937 1306 1090 1377 fieri
1119 1306 1435 1377 vidimus
1454 1354 1477 1391 ,
1507 1320 1634 1381 aut
1656 1305 1973 1397 peritius,
1988 1322 2117 1377 aut
2136 1306 2639 1379 exercitatius.

804 1414 1012 1520 Quid
1053 1412 1344 1509 Sapiens
1393 1414 1914 1511 investigaverit
1926 1465 1961 1502 ‚.
2010 1414 2196 1506 quid
2236 1416 2328 1484 in
2381 1416 2635 1485 lucem

679 1524 1149 1618 protraxerit,
1195 1523 1473 1616 quaeris
1495 1523 1531 1592 Ρ
1576 1522 1901 1593 Primum
1942 1546 2179 1593 rerum
2230 1536 2638 1605 natutam5

684 1656 908 1724 quam
933 1653 1124 1719 non,
1181 1648 1268 1703 ut
1299 1652 1533 1704 cetera
1564 1632 1935 1719 animalia,
1992 1634 2217 1704 oeulis
2260 1648 2639 1725 sequutus

683 1755 830 1827 est,
863 1740 1072 1809 tardis
1099 1740 1196 1809 ad
1225 1739 1483 1815 didus.
1522 1738 1813 1811 Deinde
1842 1742 2027 1811 vitae
2059 1742 2343 1837 legem3
2378 1742 2637 1833 ’quam

682 1846 774 1919 ad
797 1847 1118 1918 universa
1153 1847 1449 1919 direxit
1492 1872 1626 1919 nec
1652 1846 1857 1919 nosse
1886 1865 2207 1935 tantum,
2248 1848 2391 1921 sed
2423 1846 2634 1941 sequi

683 1955 880 2027 Deos
915 1956 1167 2025 docuit
1192 2005 1215 2042 ,
1263 1969 1337 2025 et
1373 1955 1761 2028 accidentia
1808 1978 1961 2027 non
1998 1956 2199 2029 aliter
2236 1957 2587 2047 excipere
2609 2004 2635 2041 ‚

684 2088 910 2159 quam
937 2065 1298 2157 imperata.
1335 2064 1594 2136 Vetuit
1624 2086 1867 2156 patere
1894 2062 2375 2157 opinionibus
2414 2063 2633 2149 falsi&

656 2178 796 2263 et,
833 2173 1090 2267 quanti
1117 2172 1449 2267 quidque
1486 2189 1701 2261 esset,
1738 2196 1897 2243 vera
1934 2173 2441 2245 aestimatione
2466 2197 2633 2267 pet·-

682 2285 981 2385 pendit.
1027 2286 1394 2359 damnavit
1436 2286 1691 2359 mixtas
1732 2286 2223 2386 poenitentiae
2266 2290 2627 2380 volupta-

682 2412 833 2484 tes,
870 2411 946 2496 et
973 2396 1166 2468 bona
1199 2419 1479 2490 semper
1513 2394 1853 2491 placitura
1886 2396 2245 2470 laudavit.
2278 2412 2359 2492 et
2382 2400 2627 2508 palam
2721 2457 2722 2460 ,

683 2505 891 2594 fecit,
941 2504 1423 2577 felicissimum
1468 2529 1650 2593 esse,
1706 2505 1829 2577 eui
1864 2505 2202 2583 felicitate
2228 2527 2391 2580 non
2434 2531 2623 2602 opus

685 2632 828 2696 ests
873 2616 1456 2709 potentissimum
1502 2641 1689 2704 esse,
1731 2617 1865 2708 qui
1902 2641 1975 2686 se
2024 2615 2305 2688 habet
2287 2639 2369 2688 m
2410 2633 2626 2709 pote·-
2720 2649 2722 2656 ⁴

684 2741 882 2798 state.
920 2727 1092 2798 Non
1113 2727 1204 2797 de
1235 2751 1314 2796 ea
1346 2707 1799 2820 philosophia
1828 2729 2127 2820 loquor,
2164 2735 2359 2818 quae
2381 2728 2623 2798 civem

685 2848 882 2902 extra
909 2833 1206 2926 patriam
1235 2833 1526 2926 posuit,
1554 2847 1751 2904 extta
1782 2833 2144 2904 mundum
2175 2832 2403 2919 Deos,
2434 2853 2623 2922 quae

685 2940 1026 3012 virtutem
1080 2941 1380 3011 donavit
1433 2941 1829 3034 voluptati3
1885 2941 2011 3012 sed
2068 2940 2161 3012 de
2206 2941 2368 3028 ina,
2430 2961 2623 3033 quae

687 3051 974 3120 nullum
1007 3050 1291 3122 bonum
1331 3065 1575 3142 putat,
1618 3050 1751 3120 nisi
1792 3049 1996 3142 quod
2034 3053 2433 3144 honestum
2472 3061 2617 3132 est3

687 3185 878 3253 quae
910 3183 1044 3230 nec
1083 3158 1439 3248 homini3‚
1480 3183 1615 3230 nec
1654 3158 1985 3245 fortunae
2014 3157 2443 3235 muneribus
2487 3157 2620 3228 de·

687 3270 894 3339 leniri
938 3285 1208 3364 potest3
1277 3269 1479 3343 cuius
1508 3269 1645 3342 hoc
1677 3267 1999 3364 'pretium
2037 3283 2183 3356 est,
2228 3291 2387 3340 non
2414 3280 2619 3362 posse

687 3376 919 3471 pretio
953 3378 1132 3472 capi.

629 3493 632 3496 ’
789 3485 1000 3556 Hanc
1020 3485 1549 3580 philosophiam
1572 3483 1779 3556 fuisse
1804 3483 1935 3554 illo
1950 3481 2423 3572 rudisecuIO,
2462 3504 2621 3576 quo
2720 3519 2722 3526 ¹

691 3589 930 3664 adhuc
975 3591 1263 3664 artificia
1308 3593 1601 3666 deerant
1654 3609 1729 3663 et
1770 3594 1923 3686 ipso
1973 3619 2106 3666 usu
2158 3593 2615 3666 discebantut
2720 3637 2722 3644 ,

693 3702 934 3790 utilia,
962 3727 1113 3775 non
1147 3701 1405 3791 credo:
1437 3705 1623 3776 ‚sicut
1660 3723 1827 3780 ante
1848 3755 1871 3793 ,
1918 3705 2283 3801 fortunato
2317 3722 2613 3797 tempo-

691 3835 802 3901 re,
862 3836 1096 3906 quum
1140 3815 1224 3908 'in
1275 3815 1521 3890 medio
1572 3815 1885 3890 iacerent
1928 3815 2273 3890 beneficia
2318 3833 2613 3888 naturae
2720 3823 2722 3832 ⁴
