2759 4825
591 402 1647 483 EPISTOLA‘XC.
1996 420 2107 517 ις·

161 579 423 648 rentes,
455 580 537 644 et
553 551 759 657 prata
779 566 924 635 sine
951 582 1098 673 arte
1123 566 1425 638 formosa
1449 562 1479 653 ς’
1495 568 1677 641 inter
1708 572 1883 647 haec
1899 600 2091 675 agre.

167 692 260 741 ste
281 672 783 759 domicilium,
813 674 1061 745 rustica
1083 678 1395 769 politum
1420 704 1656 749 manu.
1706 682 1900 754 Haec
1940 706 2086 763 erat

159 782 564 853 secundum
597 802 925 855 naturam
957 782 1253 873 domus;
1296 789 1372 857 in
1414 812 1559 881 qua
1592 790 1859 864 libebat
1882 797 2086 868 habi-

157 909 334 977 tare,
378 916 524 963 nec
553 894 775 985 ipsam
801 944 824 982 ,
869 917 1004 965 nec
1045 920 1180 990 pro
1206 898 1349 993 ipsa
1373 950 1399 985 ,
1434 900 1850 975 timentem:
1882 928 2081 981 nunc

159 1024 412 1095 magna
441 1024 606 1095 pars
631 1002 854 1071 nostri
886 1022 1116 1077 metus
1145 1022 1330 1078 tecta
1365 1025 1555 1079 sunt.

134 1190 138 1198 Ι
247 1106 442 1195 Sed,
475 1109 805 1201 quamvis
839 1112 1108 1210 egregia
1149 1113 1282 1185 illis
1321 1116 1467 1190 vita
1499 1117 1715 1190 fuerit
1744 1138 1817 1193 et
1846 1145 2083 1195 carens

161 1216 402 1289 fraude
427 1270 452 1305 ,
481 1242 644 1288 non
669 1218 866 1289 fuere
893 1223 1237 1314 sapientes
1259 1274 1280 1309 ‚
1319 1228 1619 1318 quando
1659 1230 1799 1301 hoc
1829 1231 1969 1302 iam
2006 1236 2084 1305 in

163 1352 368 1420 opere
394 1326 724 1397 maximo
749 1352 1016 1399 nomen
1044 1347 1164 1402 est.
1212 1332 1286 1403 N
1289 1356 1387 1402 on
1414 1348 1655 1405 tamen
1681 1340 2083 1433 negaverim

165 1438 526 1511 fuissealti
559 1438 837 1532 spiritus
879 1441 1100 1528 viros,
1141 1457 1256 1529 et,
1298 1458 1386 1514 ut
1414 1444 1513 1516 ita
1554 1445 1788 1517 dicam
1809 1498 1833 1536 ‚
1862 1474 1903 1519 a
1932 1450 2082 1522 Diis

162 1568 507 1620 recentes:
554 1573 798 1642 neque
835 1553 1030 1621 enim
1078 1551 1389 1625 dubium
1430 1570 1574 1644 est,
1614 1556 1795 1649 quin
1828 1560 2085 1631 melio-

163 1684 228 1729 ra
251 1658 572 1730 mundus
593 1660 1208 1736 nondumeffetus
1231 1664 1551 1735 ediderit.
1586 1660 2081 1769 Quemadmo-

166 1770 324 1842 dum
351 1786 608 1843 autern
639 1773 974 1845 omnibus
1004 1774 1286 1847 indoles
1311 1777 1562 1848 fortior
1588 1776 1727 1849 fuit
1754 1797 1828 1849 et
1862 1782 1956 1850 ad
1982 1785 2083 1851 la·

163 1880 354 1952 bores
371 1881 716 1975 paratior,
737 1866 854 1953 ita'
856 1906 1009 1953 non
1029 1900 1228 1955 erant
1249 1885 1525 1982 ingenia
1553 1888 1893 1959 omnibus
1910 1912 2081 1961 con·-

164 2010 526 2062 summata.
571 1992 745 2062 Non
769 1992 962 2063 enim
983 1992 1108 2062 dat
1129 2007 1378 2069 natura
1402 1994 1773 2067 virtutem:
1808 2021 1911 2067 ars
1934 2012 2038 2067 est
2054 2048 2079 2087 ,

164 2098 434 2171 bonum
473 2100 650 2171 fiori.
699 2099 1134 2191 llliqu‘idem·
1159 2124 1312 2171 non
1351 2126 1648 2188 aurum,
1680 2126 1813 2175 nec
1837 2128 2081 2203 argen-

161 2225 306 2281 tum
323 2262 346 2297 ‚
367 2233 512 2280 nec
531 2210 935 2303 perlucidos
959 2210 1224 2303 lapides
1245 2211 1404 2306 [in]
1430 2212 1569 2283 ima
1591 2230 1931 2285 terrarum
1950 2214 2080 2286 fae·

161 2344 234 2391 ce
260 2322 744 2414 quaerebant,
778 2321 1306 2415 parcebantque
1339 2321 1572 2391 adhuc
1608 2324 1819 2393 etiam
1862 2327 2080 2395 mutis

155 2433 612 2504 animalibus:
649 2433 1237 2520 tantumaberat,
1269 2447 1353 2502 ut
1394 2434 1621 2516 horno
1662 2434 2078 2524 hominem,

157 2566 297 2614 non
322 2545 581 2627 iratu5,
612 2565 765 2611 non
802 2540 1092 2629 timens,
1125 2558 1409 2614 tantum
1444 2559 1921 2636 spectaturus,
1954 2569 2077 2616 oc·

158 2652 446 2727 cideret.
495 2651 857 2722 Nondum
890 2651 1096 2724 vestis
1125 2651 1258 2720 illis
1285 2665 1430 2721 erat
1464 2650 1693 2743 picta,
1736 2651 2079 2731 nondum,

155 2762 533 2832 texebatur
556 2761 846 2848 auru'rn3
879 2761 1114 2834 adhuc
1137 2783 1271 2830 nec
1300 2760 1700 2832 emebatur.
1732 2761 1934 2864 Quid
1965 2787 2075 2831 er·-

153 2872 284 2967 go?
319 2871 723 2967 ignorantia
755 2894 998 2940 rerum
1029 2871 1451 2940 innocentes
1486 2883 1715 2936 erant:
1752 2869 2074 2953 multum

151 2997 390 3050 autern
427 2981 1040 3068 interest,mtrum
1078 3001 1368 3071 peccare
1408 2977 1657 3069 aliqu-is
1706 2975 1889 3046 nolit
1911 3025 1933 3062 ‚
1979 2999 2075 3047 an

149 3091 430 3162 nesciat.
475 3087 739 3161 Deerat
768 3088 900 3158 illis
920 3089 1214 3176 iustitia,
1245 3087 1496 3158 deerat'
1513 3086 1923 3180 prudentia,
1952 3085 2074 3158 de-

153 3219 290 3273 erat
315 3197 790 3292 temperantia
815 3221 895 3266 ac
921 3196 1294 3272 fortitudo,
1330 3195 1698 3266 Omnibus
1724 3196 1829 3265 his
1850 3195 2075 3275 virtu·

147 3315 342 3385 tibus
369 3310 686 3398 hab-ebat
715 3308 966 3378 similia
999 3309 1352 3401 quaedam
1388 3306 1583 3377 rudis
1608 3307 1788 3378 vita:
1828 3306 2071 3378 Vir-tus

147 3445 295 3496 non
323 3421 682 3518 contingit
705 3419 950 3490 animo
966 3469 990 3506 ‚
1017 3418 1166 3514 'nisi
1203 3417 1529 3488 instituto
1553 3441 1639 3486 ac-
1655 3415 1952 3503 edocto,
1996 3429 2071 3486 et

144 3536 232 3605 ad
268 3533 644 3608 summurn
677 3529 970 3602 adsidua
998 3527 1499 3600 exercitatione
1534 3527 1909 3620 perducto.
1949 3523 2071 3599 Ad

147 3643 283 3715 hoc
311 3643 664 3737 quidem,
701 3639 825 3710 sed
849 3639 998 3710 sine
1025 3640 1165 3709 hoc
1183 3691 1207 3726 ,
1243 3638 1634 3708 nascimur:
1676 3651 1747 3706 et
1774 3633 1849 3703 in
1878 3635 2071 3728 opti·-

145 3753 277 3822 mis
301 3775 618 3848 quoque
634 3799 656 3836 ‚
681 3764 1072 3840 antequam
1094 3745 1369 3818 erudias
1386 3797 1410 3836 ,
1437 3740 1716 3817 virtutis
1736 3743 2067 3834 materia,

145 3881 296 3931 non
314 3858 546 3934 virtus
575 3875 696 3928 est.
719 3855 921 3932 Vale.
