2759 4825
747 418 1373 509 EPISTOLAM
1429 420 1566 486 111.
1991 418 2110 511 269¹

167 570 479 653 thongum
514 568 581 657 in·
620 569 803 651 priori
840 572 1073 652 syllaba
1098 570 1366 636 efferens.
1395 572 1564 656 queris
1589 592 1696 636 ms.
1715 598 1762 637 c.
1793 594 1926 637 cum
1961 574 2107 639 aliis.

168 652 401 735 inquiris
420 670 573 715 unus
590 671 700 715 ms·
715 655 765 715 b.
845 656 887 715 l.
914 674 1001 716 η.
1031 672 1123 715 sat
1141 671 1241 719 ost.
1268 657 1406 716 satis
1423 672 1508 715 m
1531 674 1638 718 ms.
1661 676 1708 718 c.
1728 675 1791 720 et
1815 658 1907 720 ed.
1925 658 2004 719 A.

829 836 1231 904 EPIST.
1303 838 1463 904 111.

261 976 391 1041 lin.
420 998 477 1040 2.
526 980 767 1041 admones
796 996 908 1041 ms.
931 979 1066 1063 Arg.
1094 1002 1151 1043 a.
1176 994 1236 1043 et
1263 1003 1313 1042 c.
1344 996 1482 1041 cum
1515 976 1656 1042 aliis.
1693 1000 1952 1042 ammones
1987 996 2106 1041 no-

173 1076 305 1123 ster
326 1062 379 1122 b.
458 1062 503 1121 l.
530 1078 561 1142 3
585 1081 665 1140 sq.
704 1080 811 1121 non
841 1062 1016 1121 soleas
1045 1082 1107 1121 ne
1142 1063 1256 1145 ipse
1288 1060 1512 1141 quidem.
1551 1059 1646 1123 Sic
1679 1062 1866 1123 n‘ostri
1887 1086 1943 1122 a.
1969 1078 2030 1123 et
2047 1064 2102 1122 ha

173 1160 321 1204 cum
340 1141 525 1223 Ampl.
550 1159 609 1203 et
630 1138 763 1202 Par.
786 1162 841 1207 a.
859 1144 908 1205 b.
932 1146 986 1203 d.
1011 1142 1138 1205 Nec
1162 1143 1299 1205 mihi
1323 1142 1564 1205 dubium
1593 1158 1713 1217 est,
1741 1142 1950 1204 eodem
1975 1160 2110 1203 mo·

173 1224 265 1285 do
295 1222 472 1285 etiam
495 1221 560 1284 in
595 1220 717 1284 aliis
740 1224 987 1285 vetustis
1012 1222 1172 1285 libris
1200 1225 1481 1306 scriptum
1499 1220 1682 1285 fuisse
1701 1268 1722 1298 ,
1757 1222 1981 1305 quibus
2005 1222 2107 1284 vel

170 1302 493 1369 Pincianus
533 1303 632 1365 vel
668 1303 1033 1386 Opsopoeus
1060 1322 1200 1369 usus
1220 1322 1341 1382 est,
1368 1305 1470 1367 sed
1495 1304 1574 1365 ab
1609 1303 1704 1365 his
1721 1348 1744 1379 ,
1777 1320 1843 1365 ut
1868 1303 2105 1366 levius-

172 1386 387 1447 culum
406 1429 427 1460 ,
464 1403 589 1446 non
632 1386 993 1448 adnotatum.
1033 1406 1141 1447 non
1172 1387 1343 1447 soleas
1376 1404 1434 1446 tu
1474 1387 1584 1465 ipse
1606 1386 1804 1466 quidem
1840 1402 1946 1446 ms»
1967 1405 2012 1445 c.
2043 1398 2106 1446 et

175 1466 275 1527 ed.
303 1467 382 1527 A.
421 1488 527 1526 non
558 1467 741 1527 soleas'
760 1490 853 1528 nec
885 1468 995 1549 t‘pse
1026 1470 1224 1548 quidem
1257 1469 1345 1531 ed.
1369 1467 1552 1529 Rom.
1573 1482 1633 1527 et
1665 1466 1809 1527 aliae
1841 1480 1980 1526 ante
2004 1465 2106 1527 Li-

174 1547 399 1631 psium.
443 1570 536 1609 nec
570 1548 741 1609 soleas
770 1550 881 1632 ipse
925 1550 1129 1631 quidem
1147 1595 1173 1622 ,
1215 1548 1692 1612 commendatum
1726 1562 1762 1608 a
1797 1546 2066 1629 Gruteto
2082 1584 2104 1621 ‚

174 1629 1027 1793 &minutii-³⁵35&
1042 1645 1326 1775 „¹3:²35
1362 1644 1504 1770 '13⁰3‘
1513 1645 1691 1771 32¹3.
1717 1627 2106 1788 2¹³⁵„2m8352

173 1808 327 1874 gato
354 1789 655 1870 hocfizcm.
736 1796 773 1857 l.
800 1792 855 1855 8.
883 1795 1045 1853 bonos
1063 1794 1223 1854 virus.
1250 1796 1397 1853 viros
1415 1794 1582 1852 bonos
1613 1808 1723 1852 ms·
1747 1808 1795 1851 c.
1827 1806 1888 1850 et
1909 1791 2002 1858 ed.
2018 1793 2106 1855 A.

176 1874 225 1935 Ι.
252 1895 313 1956 9.
344 1874 608 1936 succurrit.
628 1876 845 1937 occurrit
876 1892 987 1936 ms.
1009 1896 1059 1937 c.
1086 1894 1219 1936 cum
1244 1874 1335 1935 ed.
1355 1874 1435 1933 A.

266 1958 309 2016 l.
341 1976 401 2049 9.
429 1955 562 2015 Hac
588 1956 790 2018 abierit.
818 1954 915 2019 Sic
952 1972 1116 2018 recte
1140 1956 1333 2027 nostri
1362 1970 1499 2017 mss·
1521 1976 1577 2015 a.
1607 1966 1671 2015 et
1686 1952 1737 2014 b.
1759 1972 1895 2021 eum
1921 1952 2100 2034 Ampl.

174 2049 243 2097 et
260 2034 387 2097 aliis
416 2036 573 2115 apud
596 2035 772 2101 Grut.
802 2051 867 2099 et
888 2036 1127 2121 Opsop.
1153 2038 1467 2119 quomodo
1487 2034 1792 2115 legendum
1825 2036 1938 2094 iam
1961 2035 2107 2095 olim

177 2114 431 2179 Modius
450 2117 723 2193 viderat,
750 2130 936 2200 quum
954 2122 1083 2181 Hoc
1107 2120 1295 2181 abierit
1321 2118 1594 2181 edidisset
1613 2116 1883 2177 Erasmus
1899 2160 1918 2188 ‚
1942 2115 2107 2211 quod

173 2196 366 2261 habet
391 2198 525 2261 Par.
550 2222 607 2261 a.
646 2216 710 2261 et
747 2218 954 2262 omnes
989 2216 1127 2261 ante
1159 2218 1272 2262 nos
1300 2214 1546 2261 tenuere
1580 2196 1860 2259 editores.
1900 2195 2108 2259 Vitio·

177 2280 307 2341 sius
338 2281 438 2343 Ιιοι
467 2280 627 2342 aberit
653 2298 744 2343 est
781 2282 845 2342 in
873 2283 1009 2364 Arg.
1034 2304 1079 2345 c.
1114 2282 1246 2342 Par.
1276 2282 1325 2341 b.
1355 2283 1422 2355 d,
1444 2293 1506 2341 et
1531 2278 1624 2339 ed.
1652 2279 1730 2337 A.
1783 2276 2106 2338 Desidera-

175 2360 399 2424 banrur
434 2378 629 2425 autem
666 2364 821 2426 duae
858 2363 1003 2425 istae
1035 2378 1225 2426 voces
1265 2362 1324 2425 in
1362 2362 1454 2423 ed.
1499 2358 1678 2423 Rom.
1719 2357 1906 2422 Tarv.
1947 2358 2102 2422 Vens

176 2461 245 2509 et
276 2442 505 2506 Erasm-
537 2463 589 2506 ι.
634 2443 800 2518 Hac,
838 2443 899 2507 id
941 2462 1063 2519 est,
1106 2445 1355 2506 hactenus
1375 2479 1399 2516 ,
1445 2443 1546 2504 ltac
1581 2441 1678 2500 via
1691 2483 1714 2513 ,
1747 2443 1850 2501 bac
1888 2443 2106 2503 ratione.

177 2526 225 2587 Ι.
268 2545 363 2587 ιο.
404 2525 629 2588 amicum
665 2526 960 2588 existimas.
1004 2523 1177 2588 Prior
1219 2545 1345 2588 vox
1385 2524 1543 2587 deest
1577 2541 1682 2586 ms.
1709 2541 1757 2583 c.
1797 2537 1862 2582 et
1897 2522 1992 2583 ed.
2025 2522 2106 2585 A.

178 2619 314 2668 tum
343 2606 600 2669 existimes
628 2605 908 2670 scribitur
930 2608 993 2668 in
1013 2607 1217 2669 eadem
1240 2608 1334 2670 ed.
1357 2607 1435 2669 A.
1471 2605 1568 2668 sed
1599 2601 1913 2683 vulgatum
1944 2619 2106 2665 recte

174 2699 383 2748 tenent
402 2686 505 2749 alii
531 2688 667 2750 libri
686 2707 915 2752 omnes.
996 2688 1038 2750 l.
1064 2709 1155 2752 ια.
1188 2690 1349 2751 Ante
1378 2688 1564 2750 verba
1593 2689 1688 2748 ·Tu
1711 2707 1832 2746 vero
1859 2701 1979 2746 etc.
2015 2685 2106 2745 in-

174 2785 341 2832 serta
366 2769 507 2831 olim
554 2769 703 2832 haec
734 2771 925 2853 vulgo
957 2769 1333 2852 legebantur,
1374 2771 1544 2830 Errat
1566 2785 1615 2829 et
1644 2768 1736 2828 ille
1763 2767 1851 2849 qui
1878 2768 2102 2828 amicum

173 2849 240 2912 in
268 2851 408 2910 atrio
445 2853 681 2931 quaerit,
699 2885 737 2898 -
756 2883 792 2900 -
813 2885 849 2899 -
878 2851 1064 2934 quibus
1093 2853 1205 2934 ipse
1230 2873 1336 2914 non
1360 2869 1457 2912 est.
1499 2847 1741 2910 Scilicet⁴
1769 2862 1838 2909 ut
1863 2846 1993 2919 ina,
2032 2846 2105 2908 de
2143 2898 2148 2903 .

176 2930 403 3012 quibus
434 2932 617 3016 paulo
644 2939 781 2996 ante
815 2933 887 2994 ad
921 2932 1103 3016 Epist.
1134 2949 1208 2994 11.
1237 2954 1295 3015 p.
1324 2934 1400 3007 6,
1430 2931 1492 2994 6.
1522 2931 1748 2991 dictum
1777 2945 1901 3001 est,
1923 2928 2012 2989 sic
2045 2941 2107 2989 et

176 3009 331 3074 haec
356 3011 639 3094 aliunde(
656 3033 862 3095 nempe
885 3033 959 3076 ex
984 3013 1162 3096 Epist.
1192 3029 1340 3076 xnt.
1408 3054 1424 3073 .
1443 3012 1524 3075 60
1543 3028 1692 3074 extr.
1723 3025 1788 3070 et
1806 3028 1928 3090 seq.
1949 3023 2106 3089 quae

176 3095 428 3236 propria
456 3097 801 3158 eorumdem
821 3098 989 3158 sedes
1010 3113 1131 3172 est,
1156 3096 1254 3159 ubi
1276 3114 1337 3156 et
1363 3033 1496 3155 fibri
1519 3109 1734 3155 omnes
1759 3091 1960 3152 eadem
1989 3108 2105 3150 ex-

222 3174 433 3258 ibent)
470 3177 589 3239 huc
618 3177 851 3240 invecta
878 3193 1085 3241 erant:
1118 3195 1303 3258 quare
1338 3175 1580 3238 delenda
1607 3191 1768 3235 recte
1791 3188 2107 3233 monuerat

176 3255 495 3333 MuretuS,
527 3257 624 3322 cui
645 3258 877 3341 quidem
906 3259 1143 3338 nonnisi
1170 3275 1245 3322 ex
1264 3272 1428 3338 parte
1445 3257 1938 3336 obtemperarunt
1961 3271 2110 3334 ope-
2235 3251 2248 3266 ‘

176 3353 285 3400 rae
300 3383 325 3414 ,
363 3339 566 3421 priora
606 3339 844 3419 quidem
880 3340 1067 3402 verba
1100 3339 1398 3414 delentes,
1444 3339 1780 3419 posteriora
1811 3339 1964 3396 vero·
2006 3352 2107 3395 re*

177 3417 514 3502 linquentes
529 3468 550 3497 ,
595 3420 827 3483 Nullum
856 3421 1009 3481 habet
1046 3423 1222 3482 maius
1258 3422 1454 3482 malum
1467 3464 1490 3494 ,
1511 3451 1551 3466 -
1566 3423 1604 3465 -'
1635 3417 1820 3497 quibus
1863 3421 1972 3497 ipse
2003 3431 2108 3476 non

179 3519 277 3562 est.
314 3501 553 3564 Rursus
585 3501 787 3564 deinde
810 3502 1013 3564 omnia
1045 3519 1277 3584 recepta
1302 3517 1440 3563 sunt
1459 3545 1478 3573 ,
1507 3499 1610 3560 sed
1641 3498 1812 3559 uncis
1845 3494 2105 3567 inclusa,

177 3579 241 3642 in
278 3599 349 3644 ea
386 3583 673 3658 editione,
704 3581 858 3665 quae
888 3601 927 3644 a
959 3581 1099 3645 Nic.
1129 3583 1176 3644 F
1180 3584 1325 3645 abro
1361 3599 1423 3642 et
1453 3578 1546 3641 Io.
1584 3577 1932 3660 Opsopoeo'
1954 3584 2107 3656 pro-³

181 3681 389 3728 curata
412 3662 644 3727 Parisiis
672 3684 832 3727 anno
853 3679 1075 3726 Mncn.
1104 3665 1343 3745 prodiit.
1365 3661 1673 3724 Postremo
1696 3658 1901 3720 omnia
1931 3675 2107 3736 pror-

178 3745 497 3808 sus-eiecit
534 3743 788 3824 Lipsius,⁸
844 3745 916 3806 Et
956 3763 1285 3827 agnoscunt
1319 3744 1557 3828 quidem
1593 3741 1652 3802 h.
1687 3739 1727 3800 l.
1751 3738 1957 3801 omnia
1995 3740 2108 3800 ista

175 3825 565 3908 (leviuscula
601 3843 738 3888 cum
776 3825 1204 3908 discrepantia,
1252 3844 1431 3908 quam
1473 3824 1568 3887 hic
1605 3833 1818 3884 notare
1845 3819 1928 3882 nil
1967 3819 2108 3881 atti-

174 3907 322 3992 net)
351 3907 521 3972 mssti
546 3906 741 3972 nostri
758 3909 813 3984 b,
854 3921 917 3972 et
943 3931 998 3978 c.
1026 3923 1165 3972 oum
1198 3908 1337 3971 Par.
1357 3929 1413 3969 a.
1439 3906 1492 3969 b.
1515 3909 1576 3968 d.
1605 3903 1962 3986 duobusque
1977 3901 2107 3964 aliis
