2759 4825
658 331 1727 423 EPISToLAcu.
2010 371 2145 453 ιο,

197 499 414 572 nitur
441 495 697 570 nobis:
740 495 1048 580 Nullum
1067 545 1090 588 ‚
1132 500 1480 596 inquiunt
1500 551 1523 590 ,
1560 505 1849 582 bonum
1884 531 1978 580 ex
2012 507 2153 586 dis·

201 609 584 696 tantibus3
639 608 782 684 hoc
831 627 1076 686 autem
1125 637 1219 687 ex
1271 612 1691 692 distantibus
1742 636 2153 692 constan-

177 721 450 826 'Quod
475 723 901 820 interroga&
937 725 1036 794 mi
1071 725 1340 814 Lucili,
1367 727 1689 800 eiusdem
1718 731 2153 822 quaestionis

203 849 310 904 est
327 883 352 920 ,
381 832 530 904 loci
549 834 876 921 alterius3
908 852 979 922 et
1003 836 1170 908 ideo
1187 859 1342 910 non
1364 838 1505 914 hoc
1522 855 1805 912 tantum
1822 890 1845 929 ,
1874 841 1999 912 sed
2014 841 2150 912 alia

205 944 524 1034 quoq'ue
577 941 842 1016 eodem
893 944 1318 1037 pertinentia
1339 993 1364 1032 ,
1412 945 1847 1022 distuleram.
1906 949 2153 1052 Quae-

211 1053 386 1124 dam
415 1053 658 1142 enim,
703 1072 787 1125 ut
813 1054 936 1126 scis
955 1105 979 1142 ‚
1025 1043 1411 1128 moralibus
1440 1058 1803 1128 rationalia
1846 1057 2153 1131 inmixta

209 1183 401 1238 sunt.
453 1166 713 1260 Itaque
761 1166 954 1236 illam
997 1185 1272 1260 partem
1313 1186 1617 1255 rectam,
1675 1187 1747 1240 et
1784 1167 1885 1238 ad¹
1920 1191 2157 1254 mores

211 1276 752 1370 pertinentem,
803 1277 1130 1349 tractavi:
1175 1278 1568 1371 Numquid
1606 1280 1911 1353 stultum
1951 1279 2040 1348 sit
2067 1302 2151 1350 ac

215 1407 742 1478 supervaeuum
763 1435 784 1472 ,
819 1389 1000 1460 ultra
1031 1403 1436 1462 extremum
1478 1388 1669 1460 diem
1694 1411 1897 1458 curas
1922 1405 2153 1458 trans·

220 1495 546 1581 mittere;
596 1521 690 1566 an
721 1495 976 1572 cadant-
1004 1497 1197 1570 bona
1225 1516 1460 1568 nostra
1476 1497 1867 1568 nobiscum
1887 1544 1912 1583 ,
1939 1495 2153 1580 nihil,-

220 1631 368 1699 que
415 1584 508 1677 sit
558 1608 748 1692 eius,
793 1609 924 1700 qui
973 1610 1214 1678 nullus
1251 1626 1399 1694 θεῖς
1456 1631 1543 1678 an
1592 1633 1683 1684 ex
1730 1633 1859 1694 eo,
1901 1608 2152 1698 quod,

220 1739 452 1808 quum
475 1715 651 1803 erit,
681 1715 947 1793 sensuri
985 1741 1140 1788 non
1165 1717 1421 1804 simus,
1460 1733 1849 1807 antequam
1874 1717 1963 1786 sit
1980 1765 2003 1800 ,
2030 1715 2155 1784 ali·

223 1825 378 1918 quis
413 1823 690 1896 fructus
731 1825 1152 1922 percipiant
1177 1826 1329 1920 peti
1369 1825 1638 1920 possit?
1685 1825 1881 1896 Haec
1908 1824 2153 1894 omnia

223 1936 308 2004 ad
345 1960 586 2008 mores
633 1953 990 2028 spectanti
1047 1937 1294 2028 itaque
1327 1957 1460 2006 ouo
1508 1938 1673 2007 loco
1700 1935 1931 2029 posita
1960 1949 2152 2008 sunt.

222 2043 356 2132 At,
387 2068 580 2137 quae
601 2069 644 2114 a
679 2044 1066 2118 dialecticis
1101 2065 1348 2118 contra
1384 2047 1567 2121 hanc
1600 2045 2018 2140 opinionem
2046 2045 2155 2114 di·

223 2169 512 2243 cuntur,
531 2155 962 2252 segreganda
987 2155 1280 2226 fuerunt
1299 2181 1320 2240 3
1353 2171 1424 2226 et
1448 2155 1613 2225 ideo
1636 2153 1935 2248 seposita
1956 2170 2147 2225 sunt.
2186 2153 2189 2158 ’

225 2263 470 2351 Nunc,
517 2265 693 2358 quia
725 2266 968 2336 omnia
1001 2265 1256 2363 exigis„
1299 2265 1581 2350 omnia,
1622 2287 1811 2356 quae
1854 2263 2145 2349 dicunt,

227 2399 636 2470 pernequam
669 2375 932 2447 deinde
955 2377 1060 2447 sin
1067 2375 1244 2473 gulis
1271 2397 1655 2447 occurram.

317 2485 392 2561 Ν
395 2486 470 2557 isi
489 2486 770 2578 aliquid
795 2488 1210 2579 praedixero
1230 2536 1252 2573 ‚
1283 2486 1583 2583 intelligi
1602 2508 1754 2555 non
1774 2500 2156 2579 poterunt,

227 2620 406 2687 quae
441 2594 880 2669 refellentur.
939 2596 1150 2701 Quid
1179 2614 1314 2685 est,
1358 2598 1565 2689 quod
1592 2595 1999 2692 praedicere
2027 2620 2151 2669 ve·

171 2710 182 2724 ·
221 2706 398 2775 lim?
441 2704 826 2809 Quaedam
851 2708 1198 2779 continua
1241 2730 1383 2779 esse
1416 2728 1751 2799 corpora,
1796 2722 1882 2777 ut
1909 2706 2153 2776 homi-

224 2838 434 2901 nem3
483 2818 847 2908 quaedam
879 2842 1019 2888 esse
1061 2818 1498 2910 composita,
1546 2834 1629 2885 ut
1666 2838 1965 2901 navem,
2010 2814 2147 2904 do<

227 2946 480 3011 mum,
529 2926 771 2997 omnia
820 2927 1137 3019 denique
1190 2936 1507 3019 quorum
1556 2923 1869 2995 diversae
1917 2938 2145 3018 partes

221 3032 554 3107 iunctura
575 3031 652 3103 in
680 3058 912 3104 unum
941 3052 1224 3105 coactae
1253 3049 1457 3118 surm
1510 3032 1867 3125 quaedam
1894 3053 1985 3103 ex
2003 3031 2149 3101 dis-

226 3141 540 3213 tantibus
561 3192 586 3231 ,
627 3166 944 3236 quorum
975 3144 1212 3215 adhuc
1245 3144 1569 3216 membra
1589 3160 1903 3236 separata
1934 3158 2143 3229 sunt,

227 3262 596 3342 tamquam
626 3254 1008 3339 exercitus,
1043 3254 1397 3347 populus,
1428 3270 1745 3325 senatus}
1775 3255 1875 3323 illi
1902 3255 2094 3323 enim
2118 3300 2142 3339 ‚

221 3382 358 3453 per
383 3386 566 3454 quos
593 3362 720 3435 ista
743 3386 1041 3457 corpora
1088 3352 1554 3452 efficiunmr‚·
1578 3364 1735 3435 iure
1760 3382 1883 3435 aut
1905 3364 2143 3435 officio

159 3480 163 3489 '
223 3471 649 3558 cohaerent,
687 3450 938 3543 narina
979 3472 1254 3543 diducti
1295 3490 1366 3542 et
1398 3473 1655 3569 singuli
1694 3490 1880 3541 sunt.
1941 3466 2143 3573 Quid

225 3595 358 3666 est,
395 3582 605 3679 quod
635 3584 848 3656 etiam
879 3607 1070 3653 nnnc
1100 3581 1503 3676 praedicere
1530 3580 1795 3651 velim?
1832 3578 2138 3651 Nullum

224 3686 504 3763 bonum
543 3710 894 3785 potamau
915 3718 1096 3780 esse,
1141 3692 1348 3787 quod
1390 3717 1481 3761 ex
1524 3689 1937 3761 distantibus
1966 3712 2141 3760 con-

215 3814 386 3871 stat:
431 3826 588 3875 uno
617 3804 815 3873 enim
842 3804 1091 3899 spiritu
1123 3826 1352 3873 unum
1386 3802 1669 3873 bonum
1696 3800 2039 3873 contineri
2060 3822 2139 3869 ac
