2759 4825
582 445 764 534 ,με
1005 441 1091 518 L.
1137 415 1583 524 ANNAEI
1628 433 2147 512 SENECAE

620 621 749 704 per
769 601 1043 674 occulta
1063 625 1307 690 cursu,
1335 603 1646 699 integrae
1666 599 2148 710 magnitudini
2174 575 2541 675 redditur
2522 629 2543 688 3

621 715 790 798 sive,
819 729 900 784 ut
925 711 1333 800 Maeander,
1357 723 1731 805 poetarum
1754 711 2093 782 omnium
2125 711 2545 794 exercitatio

623 841 696 894 et
724 823 976 910 ludus,
1021 823 1397 915 inplicatur
1423 821 1682 891 crebris
1712 820 2193 908 anfractibus„
2232 838 2305 891 et
2340 835 2545 914 §aepe

627 933 702 1001 in
733 931 1048 1002 vicinum
1075 934 1280 1016 alveo
1305 956 1437 1001 suo
1464 919 1831 1018 admotus,
1858 947 2249 1023 antequam
2278 927 2411 1029 sibi
2436 930 2548 1000 in-

621 1039 798 1122 fluat
824 1091 848 1129 2
889 1041 1240 1132 flectiturz
1276 1061 1593 1122 ceterum
1624 1067 1863 1136 neque
1884 1043 2265 1115 meliorem
2295 1041 2541 1129 faciet,

619 1174 862 1248 neque
885 1153 1252 1222 saniorem.
1277 1152 1472 1222 Inter
1494 1152 1729 1230 studia
1752 1153 2184 1225 versandum
2210 1170 2313 1223 est
2338 1167 2410 1229 et
2436 1153 2547 1228 in-

620 1276 730 1330 ter
755 1276 1070 1342 auctores
1087 1258 1487 1353 sapientiae,
1506 1278 1589 1337 ut
1616 1262 1923 1357 quaesita
1947 1262 2214 1338 discam
2225 1287 2331 1348 us,
2353 1284 2545 1330 non-

623 1368 801 1450 dum
840 1370 1124 1445 inventa
1164 1391 1602 1475 quaeramus,
1648 1371 1762 1444 Sic
1793 1373 2227 1452 eximendus
2268 1373 2545 1441 animus

624 1501 714 1546 ex
755 1476 1159 1564 miserrima
1210 1478 1547 1556 servitute
1606 1479 1677 1548 in
1721 1481 2122 1550 ilbertatem
2176 1478 2543 1550 adseritur.

625 1585 1000 1690 Quamdiu
1065 1584 1367 1689 quidem
1418 1586 1735 1666 nescieris
1757 1639 1780 1673 ,
1832 1588 2012 1680 quid
2063 1590 2498 1686 fugiendum
2518 1639 2551 1675 ‚

625 1693 810 1784 quid
838 1693 1237 1785 petendum
1262 1743 1286 1780 ,
1314 1693 1497 1796 quid
1538 1696 2041 1789 necessarium,
2081 1698 2268 1790 quid
2298 1723 2547 1798 super-

621 1824 929 1872 vacuum
957 1852 981 1889 ,
1017 1801 1239 1894 quid
1223 1819 1529 1888 lustum,
1572 1803 1749 1896 quid
1792 1805 2175 1875 honesturn
2223 1805 2345 1892 sit3
2394 1829 2547 1880 non

625 1911 757 1986 erit
784 1913 922 1986 hoc
946 1913 1411 2008 peregrinari,
1436 1911 1555 1982 sed
1582 1935 1822 1982 errare
1842 1913 2139 1986 Nullam.
2160 1913 2294 1994 tibi
2324 1940 2546 2008 opem

608 2017 800 2102 ·feret
835 2017 962 2086 iste
998 2019 1374 2098 discursus:
1414 2019 1868 2114 peregrinaris
1904 2022 2096 2090 enim
2126 2045 2304 2095 cum
2342 2021 2549 2092 adfe-

625 2123 857 2209 ctibus
872 2125 1045 2212 tuis,
1070 2144 1142 2196 et
1163 2129 1342 2204 mala
1364 2144 1435 2197 te
1462 2145 1582 2198 tua
1612 2145 2027 2218 sequuntur.
2058 2129 2353 2201 Utinam
2380 2131 2553 2222 qui-

625 2237 794 2316 dem
821 2237 1316 2329 sequerentur!
1363 2237 1648 2329 longini
1665 2221 2020 2344 abessent·
2063 2261 2260 2316 nunc
2292 2239 2427 2334 fers
2452 2239 2545 2308 il·-

624 2348 733 2435 Ia,
766 2373 915 2421 non
954 2347 1461 2453 ducis.1taque
1494 2346 1767 2440 ubique
1794 2362 1866 2416 te
1893 2364 2278 2444 premunt,
2318 2363 2393 2419 et
2418 2373 2546 2441 pa·-

624 2462 822 2540 1ibus
857 2462 1333 2541 incommodis
1379 2478 1618 2540 urunt.
1674 2460 2036 2535 Medicina
2080 2468 2365 2561 aegm,
2388 2484 2542 2533 non

619 2576 856 2671 regio,
883 2572 1310 2676 quaerenda
1314 2590 1434 2655 est.
1490 2570 1720 2669 Fregit
1755 2570 2005 2663 aliquis
2032 2595 2227 2659 crue,
2265 2588 2390 2641 aut
2418 2594 2537 2639 ex·

625 2680 824 2755 torsit
848 2672 1264 2758 articulum:
1295 2702 1446 2760 non
1472 2679 1886 2755 vehiculum
1924 2700 2337 2771 navemque
2366 2700 2542 2749 con-s

624 2786 939 2873 scendit,
963 2787 1085 2859 sed
1113 2778 1410 2866 adv‘ocat
1426 2786 1839 2895 medicum,
1869 2804 1951 2857 ut
1975 2784 2188 2865 fracta
2216 2814 2368 2881 pars
2388 2786 2545 2856 iun·

627 2917 872 3025 gatar,
907 2916 990 2971 ut
1018 2903 1259 2985 luxata
1284 2902 1354 2970 in
1380 2903 1622 2973 locum
1648 2913 2052 2991 reponatur.
2088 2900 2298 3005 Quid
2330 2896 2544 2997 ergo?

627 3012 978 3095 animum,
1009 3028 1120 3086 tot
1143 3012 1314 3091 loci&
1339 3013 1634 3093 fractum
1665 3030 1736 3083 et
1764 3027 2159 3097 extortum,
2187 3008 2417 3080 credis
2437 3008 2547 3075 lo-

627 3129 882 3202 corum
927 3122 1329 3200 mutatione
1372 3146 1571 3221 posse
1618 3121 1887 3197 sanari?
1934 3120 2160 3189 Maius
2203 3136 2310 3193 est
2350 3114 2541 3187 istud

625 3216 1189 3333 malx1m‚quarn
1217 3248 1298 3302 ut
1314 3231 1701 3327 gestatione
1725 3246 2024 3301 curetur.
2064 3228 2538 3333 Peregrinatio

625 3361 781 3417 non
812 3284 974 3404 facit
1016 3334 1416 3441 medicum,
1464 3361 1613 3407 non
1652 3354 2040 3422 oratorem3
2082 3340 2278 3416 nulla
2301 3362 2401 3407 ars
2432 3336 2539 3403 lo-

625 3468 712 3515 co
737 3443 1055 3513 discitur:
1091 3442 1268 3535 quid
1291 3442 1501 3545 ergo?
1540 3432 1914 3537 sapientia,
1941 3470 2176 3521 rerum
2210 3444 2535 3514 omnium

623 3552 981 3638 maxima,
1030 3551 1106 3621 in
1136 3551 1384 3629 itinere,
1420 3552 1824 3651 colligitur?
1878 3556 2184 3633 Nullum
2230 3570 2367 3638 est,
2408 3548 2539 3618 rni-

619 3658 704 3765 hi
729 3662 980 3750 crede,
1031 3664 1207 3749 iter,
1254 3663 1457 3755 quod
1501 3680 1571 3733 te
1608 3680 1799 3741 extra
1840 3664 2291 3757 cupiditate3‚
2341 3676 2535 3730 extra

567 3782 574 3789 '
621 3756 790 3854 irae,
826 3787 1020 3851 extra
1049 3790 1277 3844 metus
1312 3772 1538 3843 sistat:
1568 3789 1731 3861 aut,
1760 3775 1810 3850 si
1842 3772 2045 3868 quod
2074 3790 2284 3860 esset,
2323 3768 2535 3869 agmi-

621 3898 716 3957 ne
737 3876 921 3958 facto
955 3903 1122 3985 gens
1149 3880 1318 3958 illuc
1345 3880 1659 3956 humana
1686 3896 2025 3982 pergeret.
2066 3874 2381 3967 Tamdiu
2410 3874 2531 3944 ista
