2759 4825
590 393 724 486 ,ω’
946 340 1382 465 'NOTAE
1436 393 1549 462 IN
1607 390 2107 463 SENECAE

584 566 725 611 eum
752 544 1049 611 nonnullis
1068 546 1335 612 Gruteri.
1372 545 1718 609 exarmaveris
1735 546 1827 609 ed.
1849 548 1920 607 R.
1974 552 2002 608 'e
2018 568 2061 607 x
2075 568 2112 606 a
2126 566 2214 605 rm
2232 564 2270 605 a
2285 564 2323 602 ν
2337 540 2358 603 i
2371 559 2395 603 t
2419 542 2516 605 ed.

586 631 672 694 A.
711 648 1037 710 rursusque
1066 626 1159 693 edss
1184 631 1412 693 Erasm.
1445 644 1504 691 et
1535 628 1799 709 reliquae
1825 646 2033 690 omnes
2061 646 2199 690 cum
2230 645 2336 687 ms.
2367 625 2517 705 Arg.

585 710 636 771 h.
664 708 797 772 Par.
821 714 871 771 b.
892 714 947 772 d.
988 713 1153 793 quod
1193 712 1406 773 nescio
1441 729 1516 772 an
1548 710 1657 791 (ut
1684 710 1982 787 nauticum
2003 707 2302 788 verbum)
2332 706 2524 768 teneri

590 791 879 855 debuerit.
942 794 983 855 1.
1030 792 1101 852 16
1120 812 1209 875 sq.
1238 794 1512 853 videbatur
1539 808 1675 853 mss·
1705 806 1764 853 et
1789 790 1918 853 edd.
1942 806 2088 851 vett.
2105 836 2127 866 ‚
2151 808 2272 850 non
2296 790 2522 861 viderur,

590 890 663 943 ut
694 874 901 955 vulgo.
982 874 1023 935 1.
1064 874 1152 937 18.
1184 876 1491 937 desiderium
1517 890 1676 937 recte
1703 872 1800 937 ed.
1818 870 2021 933 Ruhk.
2047 892 2191 935 cunt
2213 870 2346 931 edd.
2377 884 2524 932 vert.

590 970 652 1019 et
692 958 899 1019 tnsstis.
956 954 1194 1017 vitiose
1224 956 1480 1018 desidium
1521 954 1649 1019 Par.
1695 957 1749 1019 b.
1781 971 1845 1017 et
1873 954 2126 1018 decidium
2168 954 2267 1019 ed.
2297 950 2522 1014 Erasm.

464 1120 469 1125 θ
498 1026 506 1033 ’
590 1037 751 1099 unde
784 1037 1060 1099 discidium
1098 1036 1320 1099 fecerat
1350 1036 1516 1103 Mur.

674 1118 846 1185 Pac.
880 1116 980 1191 98.
1010 1121 1051 1179 l.
1076 1140 1109 1199 ⁴3
1148 1138 1236 1201 sq.
1286 1120 1490 1181 Dicam
1519 1117 1674 1180 etiam
1710 1118 1842 1200 quid
1871 1116 2096 1179 sentiam
2115 1138 2136 1178 .·
2158 1132 2294 1199 puto
2321 1112 2526 1195 fortio·

591 1220 691 1262 mn
716 1218 828 1263 etc.
858 1197 953 1262 Sic
972 1200 1063 1261 ed.
1090 1203 1163 1261 R.
1200 1218 1337 1262 curn
1364 1201 1575 1262 mssris.
1622 1202 1822 1264 Dicam
1855 1201 1990 1261 enim
2005 1214 2118 1261 etc.
2147 1198 2336 1259 ed.A.
2361 1196 2526 1279 quod

588 1282 813 1359 recepit
844 1279 1073 1343 Erasm.
1104 1296 1164 1343 et
1204 1280 1339 1342 dein
1374 1301 1506 1363 puto
1538 1282 1692 1343 etiam
1713 1280 1854 1362 fim.
1889 1281 2127 1365 posuit:
2157 1298 2338 1360 quam
2379 1278 2526 1340 scri-

590 1362 829 1445 pturam
864 1363 958 1425 alii
978 1380 1187 1424 omnes
1212 1375 1461 1425 tenuere
1493 1362 1778 1425 editores.
1867 1364 1907 1423 l.
1933 1383 2026 1444 30.
2043 1361 2221 1443 prima
2235 1378 2416 1422 autem
2435 1360 2524 1421 ed.

592 1444 670 1505 R.
695 1462 831 1506 cum
867 1442 1213 1506 melioribus
1240 1445 1455 1509 msstis.
1485 1447 1661 1529 prima
1695 1446 1832 1507 enim
1865 1444 1960 1507 ed.
1999 1440 2222 1507 Erasm.
2259 1459 2325 1503 et
2361 1460 2528 1525 seqq.

594 1540 733 1588 cum
770 1542 881 1589 ms.
920 1548 968 1591 c.
1006 1540 1067 1589 et
1096 1524 1193 1587 ed.
1216 1526 1295 1591 A.
1701 1552 1704 1555 ⁴
2359 1598 2364 1603 ⁴
2457 1542 2464 1547 ·

680 1608 855 1668 PAG.
892 1628 994 1689 99.
1028 1607 1067 1668 l.
1094 1624 1121 1687 3
1146 1626 1239 1691 sq.
1290 1608 1641 1691 conponit
1676 1607 1873 1670 iterum.
1915 1603 2325 1689 composuit
2351 1604 2526 1667 iterum

594 1685 780 1757 ed.A.
802 1704 858 1757 et
889 1690 961 1753 R.
997 1707 1137 1755 cum
1169 1707 1309 1755 mss.
1340 1694 1394 1753 b.
1427 1714 1474 1753 c.
1511 1706 1574 1755 et
1613 1688 1743 1753 Par.
1777 1714 1831 1753 a.
1865 1692 1917 1751 b.
1941 1692 1994 1751 d.
2029 1687 2528 1771 quemadmodum

592 1786 771 1849 saepe
805 1769 1125 1857 praeterito
1170 1787 1439 1853 tempore
1485 1772 1675 1837 utitur
1710 1770 1932 1838 Seneca
1974 1766 2045 1835 de
2075 1788 2156 1833 eo
2189 1767 2365 1852 quod
2401 1766 2532 1831 fieri

594 1850 767 1917 tolet.
850 1850 889 1911 l.
920 1852 979 1915 6.
1010 1873 1200 1914 nonne.
1228 1874 1330 1913 nae
1366 1850 1494 1915 edd.

678 1930 849 1992 Pac.
888 1949 1023 1995 too.
1060 1934 1099 1993 l.
1132 1950 1225 2011 13.
1274 1936 1333 1999 A
1407 1957 1475 1999 uo
1506 1938 1640 2003 enim
1665 1957 1824 2018 prope
1853 1956 1959 2001 non
1995 1949 2090 1997 est.
2131 1930 2372 1995 Vocab.
2405 1952 2535 2013 pro-

584 2030 693 2105 pe?
720 2028 954 2162 ρὲεῗίι·
986 2013 1283 2080 rationem
1316 2034 1351 2079 a
1432 2016 1589 2103 ipsio
1615 2017 2094 2103 praetermissum
2109 2057 2130 2093 ‚
2173 2028 2338 2082 recte
2358 2013 2536 2083 τεθεὶ-

596 2108 709 2155 tunt
802 2112 841 2163 u

606 2218 617 2227 ⁴
794 2234 801 2243 ·
1176 2212 1953 2285 EPISTexxxr.

686 2345 852 2409 Pac.
886 2364 1017 2409 tot.
1041 2348 1081 2409 1.
1111 2364 1203 2428 30.
1238 2349 1384 2412 vinci
1417 2374 1483 2411 ac
1515 2348 1748 2434 strigare.
1784 2346 2042 2410 Priscam
2080 2344 2232 2407 hanc
2261 2358 2322 2407 et
2347 2341 2536 2405 ‘unice

604 2447 812 2490 veram
846 2431 1193 2510 scripturam
1218 2477 1237 2505 ,
1260 2433 1514 2512 primurn
1538 2432 1614 2495 ab
1641 2431 1885 2494 Erasmo
1915 2430 1980 2492 in
2005 2427 2103 2489 ed.
2139 2428 2331 2510 priori
2367 2426 2539 2510 posi-

600 2525 763 2586 tam,
784 2511 993 2572 deinde
1018 2531 1169 2574 vero
1200 2513 1261 2574 in
1300 2513 1482 2574 altera
1509 2515 1651 2575 edit.
1686 2513 1761 2573 ab
1799 2508 2012 2574 'eodem
2047 2509 2332 2571 desertam
2351 2555 2373 2583 ‚
2405 2522 2538 2568 tne-

600 2589 722 2652 rito
758 2594 1070 2654 revocavit
1111 2593 1277 2658 Mur.
1319 2610 1384 2656 et
1425 2611 1670 2662 tenuere
1707 2593 1864 2675 Lips.
1897 2608 1958 2654 et
1989 2590 2185 2664 Gron.
2239 2589 2537 2652 Exhibent

596 2688 803 2733 *aurem
824 2674 1087 2736 eamdem
1118 2677 1303 2738 nostri
1322 2677 1500 2739 codd.
1527 2677 1673 2760 Arg.
1699 2677 1753 2737 b.
1787 2691 1846 2737 et
1879 2673 2006 2736 Par.
2036 2676 2090 2736 b.
2131 2691 2242 2743 nec
2285 2673 2536 2733 muitum

598 2753 731 2816 abit
772 2755 897 2818 Par.
924 2757 979 2817 d.
1023 2757 1086 2818 in
1118 2777 1249 2841 quo
1271 2774 1357 2818 est
1385 2759 1532 2821 vinci
1565 2778 1634 2820 ac
1675 2757 1958 2842 restrigare.
1991 2754 2188 2840 istius⁸
2203 2753 2538 2836 scripturae

598 2835 729 2897 vim
767 2839 869 2920 qui
897 2857 1017 2902 non
1052 2855 1440 2922 perceperant
1460 2887 1480 2916 ,
1515 2839 1690 2901 aliam
1726 2839 1991 2912 finxere,
2025 2836 2166 2900 vicia
2194 2855 2538 2916 consurgere,

606 2933 791 2994 quam
818 2939 957 2980 cum
987 2921 1082 3003 ed.
1103 2923 1181 2982 A.
1208 2938 1266 2983 et
1294 2925 1365 2984 R.
1395 2921 1673 2984 exhibent
1709 2939 1844 2983 mss.
1865 2919 2014 3002 Arg.
2035 2941 2083 2982 c.
2107 2916 2237 2978 Par.
2255 2939 2315 2979 a.
2340 2933 2403 2978 et
2424 2916 2542 2999 ple-

602 2997 777 3076 rique
800 2997 1179 3077 Gruterian‘s3
1204 3001 1594 3085 eamdemque
1629 3002 1798 3066 alteri
1832 3001 2110 3084 praetulit
2145 2997 2356 3063 Rubk.

648 3085 655 3088 ’
688 3077 860 3140 Pac.
892 3100 1017 3142 102.
1051 3083 1089 3142 1.
1122 3101 1177 3145 2.
1210 3083 1598 3166 inspira‘recte
1629 3084 1720 3147 ed.
1757 3083 1956 3145 Rubk.
1978 3101 2114 3144 cum
2147 3082 2239 3144 ed.
2267 3083 2344 3141 A.
2375 3097 2441 3142 et
2460 3082 2539 3140 R.

597 3161 671 3220 εἰ
698 3161 891 3222 msstis
923 3162 1221 3223 omnibus.
1263 3166 1495 3248 respira,
1537 3166 1698 3248 quod
1735 3183 1878 3226 ante
1913 3163 2425 3246 vulgatumerat,
2460 3179 2544 3222 ex

601 3237 699 3306 ed.
729 3239 853 3320 Bip.
886 3240 945 3300 in
978 3241 1073 3302 ed.
1100 3243 1319 3308 Marth.
1348 3248 1595 3308 transiit.
1678 3249 1718 3308 l.
1747 3268 1843 3332 ²9·
1872 3247 2028 3310 Huic
2057 3245 2190 3309 edd.
2229 3259 2376 3308 vett.
2400 3261 2542 3312 cum

594 3324 821 3384 massis.
866 3322 1071 3406 Vulgo
1096 3323 1264 3398 Huc,
1292 3345 1329 3387 a
1355 3327 1620 3390 Murem.
2529 3361 2534 3368 ·

690 3404 861 3482 PAG.
890 3425 1022 3482 103.
1047 3407 1089 3466 l.
1120 3427 1169 3485 5.
1192 3407 1465 3471 Petrinum.
1511 3408 1732 3471 Pettium
1759 3404 1869 3473 ὡς’.
1893 3407 2040 3493 Arg.
2061 3411 2113 3473 b.
2155 3406 2542 3469 Poeninum

596 3481 734 3545 Par.
759 3487 811 3547 b.
893 3488 937 3548 l.
976 3507 1063 3554 ιν.
1086 3489 1266 3549 Derim·
1284 3489 1373 3551 ille
1393 3490 1676 3556 maximus.
1723 3490 1821 3552 Sic·
1848 3509 1986 3554 mss.
2013 3493 2158 3572 Arg.
2179 3493 2231 3551 b.
2251 3506 2312 3552 et
2337 3477 2466 3550 Par.
2485 3490 2540 3549 h.

602 3581 743 3624 cum
780 3566 923 3630 aliis.
958 3567 1161 3650 Vulgo
1183 3573 1341 3632 Deus
1374 3573 1464 3632 ille
1501 3594 1646 3635 max.
1729 3573 1770 3635 l.
1811 3591 1904 3636 πο.
1949 3573 2089 3634 nihil
2129 3576 2311 3632 horum
2338 3571 2550 3652 patitur

602 3663 937 3711 vetustatem.
974 3650 1069 3711 Sic
1101 3670 1259 3714 recte
1284 3671 1420 3714 mss.
1455 3655 1598 3734 Arg.
1632 3657 1682 3716 b.
1719 3677 1766 3716 c.
1812 3653 1935 3718 Par.
1969 3677 2024 3715 a.
2053 3657 2104 3714 b.
2131 3657 2188 3714 d.
2229 3667 2291 3713 et
2327 3650 2550 3738 Opso-

604 3727 747 3806 poei
776 3745 1026 3792 ornnes:
1072 3734 1249 3796 cuius
1284 3736 1613 3814 scripturae
1647 3736 1958 3798 veritatem
1995 3736 2109 3798 iam
2147 3733 2291 3796 olim
2323 3753 2398 3794 ex
2429 3733 2544 3816 Ep.

604 3817 855 3870 xxxvt.
894 3830 948 3889 p.
986 3831 1009 3872 1
1031 3832 1050 3870 1
1070 3833 1091 3874 t
1119 3830 1267 3899 extr.
1301 3831 1361 3876 et
1383 3834 1455 3876 ex
1491 3815 1740 3878 aliorum
1781 3803 2143 3899 scriptor‘um
2175 3835 2288 3878 usu
2311 3816 2550 3898 proba-

555 3899 745 3970 ‘runt
770 3885 929 3974 Ops.
954 3908 1015 3956 et
1043 3893 1221 3959 Grut.
1268 3895 1696 3982 interpolatam
1720 3915 1918 3960 tamen
1951 3898 2304 3983 scripturam
2326 3941 2350 3973 ,
2387 3913 2550 3979 quae
