2759 4825
1800 89 1817 128 Ι

451 377 1374 456 ιΕΡιεΤοιΑ,
1454 383 1776 459 cvm.
1986 371 2175 486 ω’

388 561 592 645 porta
639 558 820 613 tonat
853 537 1024 612 coeli.
1061 583 1132 594 —
1171 581 1244 594 --
1303 585 1310 596 ι

193 655 524 727 Ennium
553 653 692 723 hoc
715 653 812 722 ait
839 653 1162 722 Homero
1193 653 1663 746 subripuisse3
1704 653 1941 728 Ennio
1972 657 2129 730 Vir-s

195 765 478 862 gilium.
527 762 684 834 Esse
719 760 1164 854 enim'apud.
1189 761 1667 834 C1CERONEM
1710 765 1789 836 in
1816 765 1925 837 his
1965 768 2131 862 ipsis

197 875 272 945 de
295 867 654 970 Republica
691 871 834 942 hoc
869 867 1320 967 Epigramma
1343 869 1594 941 Ennii:

285 981 508 1080 Sifas
533 981 689 1053 oudo
711 981 950 1078 plagas
977 980 1314 1048 coelestum
1341 980 1678 1049 ascendere
1706 983 1999 1078 cuiquam
2016 1007 2045 1056 5

391 1095 490 1160 mi
513 1091 636 1160 soli
659 1115 692 1158 c
715 1115 748 1161 o
765 1090 875 1158 eli
915 1089 1204 1158 maxima
1235 1115 1284 1182 p
1305 1113 1338 1156 ο
1356 1115 1392 1158 r
1414 1106 1441 1156 t
1460 1115 1501 1158 a
1543 1107 1747 1185 patet.

289 1199 442 1272 Sed
473 1188 566 1270 ne
593 1218 666 1271 et
689 1199 876 1292 ipse,
907 1197 1082 1268 dum
1117 1199 1320 1268 aliud
1339 1221 1471 1295 ago
1494 1247 1516 1291 ,
1559 1199 1633 1268 in
1670 1199 2125 1299 philologia-n

198 1329 321 1384 aut
344 1309 884 1408 grammaticum
911 1307 1232 1394 delabar,
1276 1308 1461 1378 illud
1486 1309 1855 1380 admoneo
1872 1363 1894 1399 ,
1928 1314 2129 1382 audi-

201 1427 484 1495 tionem·
519 1423 1120 1516 Philosophorum
1155 1423 1701 1515 ¹lectionemque
1746 1425 1835 1494 ad
1864 1450 2126 1519 propo·

200 1532 412 1602 situm
445 1532 688 1603 beatae
721 1531 904 1601 vitae
933 1531 1389 1616 trahendam3
1438 1554 1591 1603 non
1620 1549 1704 1602 ut
1740 1536 1952 1606 verba
1976 1537 2123 1628 pri-

200 1663 304 1710 sca
344 1655 472 1710 aut
498 1640 660 1709 ficta
702 1654 1068 1732 captemus
1095 1690 1116 1727 ,
1169 1657 1242 1710 et
1277 1641 1765 1730 translationes
1790 1642 2124 1736 inprobas

203 1752 600 1848 figurasque
627 1751 953 1839 dicendi,
981 1751 1103 1823 sed
1126 1768 1206 1822 ut
1227 1753 1601 1847 profutura
1628 1773 2029 1850 praecepta,
2053 1775 2125 1828 et

206 1865 602 1962 magnificas
633 1889 875 1953 voces,
921 1882 994 1934 et
1021 1867 1403 1954 animosae,
1456 1889 1643 1958 quae
1656 1889 1841 1936 mox
1871 1867 1945 1938 in
1974 1892 2125 1938 rem

205 1975 722 2046 transferantur.
757 1971 870 2046 Sic
908 1975 1032 2044 ista
1059 1975 1403 2046 discamus
1429 2024 1451 2061 ‚
1476 1989 1558 2045 ut
1576 2026 1597 2062 ,
1629 2000 1815 2068 quae
1835 1977 2127 2048 fuerunt

206 2085 412 2154 verba
433 2137 455 2169 ‚
499 2085 642 2154 sint
672 2109 906 2179 opera.
941 2083 1191 2155 Nullos
1221 2099 1464 2156 autem
1500 2086 1709 2179 'peius
1750 2087 2002 2156 mereri
2034 2085 2125 2156 de

207 2194 542 2264 omnibus
584 2195 1002 2266 mortalibus
1029 2196 1318 2281 iudice,
1367 2219 1590 2286 quam
1630 2197 1761 2287 qui
1808 2197 2125 2268 Philoso-

207 2304 476 2396 phiam,
518 2308 732 2380 velut
767 2305 1064 2399 aliquod
1097 2305 1473 2377 arti-ficium
1513 2307 1807 2391 venale,
1849 2307 2125 2378 didice-

205 2436 370 2483 runt
405 2440 427 2500 3
483 2415 636 2506 qui
660 2417 864 2486 aliter
905 2416 1202 2502 vivunt,
1259 2440 1479 2509 quam
1532 2414 1931 2486 vivendum
1984 2428 2124 2487 es'se

205 2526 666 2617 praecipiunt.
691 2524 1040 2620 Exempla
1071 2528 1265 2600 enim
1295 2548 1368 2597 se
1398 2526 1587 2619 ipsos
1618 2526 1889 2596 inutilis
1914 2524 2123 2597 disci-

203 2636 436 2727 plinae
469 2634 1016 2721 circumferunt,
1051 2636 1232 2706 nulli
1257 2632 1409 2707 non
1442 2636 1658 2722 vitio,
1704 2634 1913 2727 quod
1937 2634 2123 2705 inse·-

204 2761 577 2835 quuntur‚
627 2746 946 2816 obnoxii.
995 2747 1164 2817 Non
1197 2749 1412 2844 magis
1456 2746 1636 2817 mihi
1661 2760 1900 2838 potest
1929 2746 2121 2835 quis·

203 2878 426 2946 quam
459 2856 606 2926 talis
634 2854 968 2950 prodesse
997 2868 1415 2949 praeceptor
1436 2906 1459 2943 ‚
1504 2878 1724 2946 quam
1765 2847 2121 2965 guberna·

199 2977 319 3033 tor
337 3016 362 3051 ,
390 2965 464 3034 in
493 2981 910 3060 tempestate
935 2966 1399 3037 muse-‘abund
1410 2990 1505 3038 us.
1526 2965 1965 3036 Tenendum
1989 2982 2116 3051 est,

202 3078 518 3169 rapiente
552 3078 780 3150 fluctu
803 3130 825 3167 ‚
855 3080 1419 3176 gubernaculum
1440 3129 1461 3163 ,
1492 3076 1917 3147 luc—tandum
1943 3100 2113 3147 cum

203 3183 357 3279 ipso
401 3188 630 3276 mari5
661 3188 1024 3283 eripienda
1066 3206 1234 3260 sunt
1267 3206 1487 3262 vento
1530 3189 1727 3258 vela:
1778 3187 1961 3279 quid
2003 3210 2122 3257 me

199 3309 438 3387 porest
477 3297 812 3371 adiuvare
832 3314 1064 3369 rector
1109 3300 1366 3397 navigii
1396 3298 1763 3369 adtonitus
1786 3312 1860 3367 et
1886 3282 2145 3387 vomi-fl
2247 3341 2256 3350 -

198 3407 402 3475 tans?
440 3408 740 3513 Quanto
773 3410 1040 3479 maiore
1073 3426 1280 3503 putas
1317 3412 1540 3481 vitam
1564 3421 1989 3501 tempestate
2027 3404 2123 3473 ia-

196 3514 404 3601 ctari,
439 3538 660 3607 quarn
692 3518 916 3588 ullam
955 3520 1230 3589 ratem?
1279 3518 1455 3589 Non
1482 3534 1583 3588 est
1611 3513 2065 3607 loquendum
2092 3561 2115 3598 ‚

195 3623 324 3693 sed
367 3625 947 3721 gubernandum.
999 3626 1272 3699 Omnia
1291 3650 1320 3717 ,·
1359 3649 1545 3721 quae
1588 3628 1884 3710 '‘dicunt,
1930 3646 2119 3715 quae

195 3732 406 3803 turba
431 3734 774 3809 audiente
797 3739 1054 3811 iactant
1076 3790 1099 3825 ‚
1125 3739 1344 3810 aliena
1367 3752 1551 3809 sunt.
1596 3736 1798 3806 Dixit
1824 3734 1939 3803 illa
1965 3736 2117 3805 Pla-

189 3854 272 3913 to
287 3894 314 3934 ,
347 3842 543 3923 dixit
555 3846 852 3941 Zenon,
883 3850 1066 3921 dixit
1091 3847 1645 3947 Chrysippus,et
1666 3842 2115 3931 Posidonius,

1481 4166 1507 4199 D
