2759 4825
543 343 1354 419 EPISTOLA
1450 312 1691 423 xm..
1980 368 2068 449 ιγ

141 504 532 601 quaeritur!
585 502 950 575 Omnibus
972 499 1295 591 fortuna,
1329 526 1515 597 quos
1536 502 1826 597 publice
1852 504 2065 581 adfli-

51 678 63 687 .
143 618 288 701 xit,
318 612 526 707 quod
553 613 818 707 passuri
839 630 1033 683 erant
1061 612 1310 685 timere
1340 614 1692 707 per-misit5
1740 618 1937 686 nulla
1960 638 2067 689 res

146 748 388 821 magna
420 744 577 793 non
611 720 916 815 aliquod
952 721 1204 793 habuit
1239 722 1483 793 ruinae
1498 748 1671 795 suae
1709 728 2063 817 spatiumx

143 837 213 903 in
240 836 410 919 hac,
441 855 590 903 una
616 856 768 903 nox
789 831 1113 903 interfuit
1139 834 1323 905 inter
1355 834 1612 905 urbem
1634 836 2061 927 maximam,

145 962 212 1015 et
257 928 556 1013 nullam.
597 942 940 1035 Denique
995 942 1270 1013 diutius
1315 944 1513 1014 illam
1570 942 1703 1014 tibi
1756 948 2057 1038 perisse,

146 1073 358 1145 quam
394 1051 649 1145 periit,
700 1072 926 1123 narr-o.
960 1050 1155 1123 Haec
1189 1052 1435 1121 omnia
1482 1052 1815 1125 Liberalis
1844 1058 2063 1133 nostri

145 1159 504 1249 adfectum
532 1160 917 1247 inclinant,
947 1158 1127 1231 dum
1159 1161 1493 1235 adversus
1516 1190 1639 1237 sua
1668 1168 1963 1240 firmum
1988 1189 2065 1243 et

146 1290 478 1344 erectum.
521 1271 678 1343 Nec
714 1272 866 1344 sine
900 1294 1102 1343 causa
1129 1296 1507 1347 concussus
1534 1294 1672 1347 est:
1729 1276 2067 1375 inexspe-

150 1398 322 1455 ctata
345 1384 508 1477 plus
531 1383 955 1479 adgravant3
983 1382 1258 1455 novitas
1283 1384 1525 1455 adiicit
1548 1388 2067 1463 calamitatibus

148 1492 426 1587 pondus
453 1520 486 1563 z·
530 1516 668 1563 nec
709 1490 1101 1585 quisquam
1149 1495 1561 1565 mortalium
1600 1516 1755 1567 non
1796 1501 2063 1599 magis,

149 1603 344 1697 quod
365 1604 586 1678 etiam
614 1604 906 1675 miratus
932 1618 1070 1689 est,
1101 1600 1358 1675 doluit.

233 1716 416 1787 Ideo
441 1713 626 1785 nihil
651 1714 860 1785 nobis
887 1714 1332 1807 inprovisum
1355 1736 1499 1785 esse
1520 1711 1753 1789 debet.
1810 1716 1894 1789 In
1915 1742 2072 1792 om·

146 1827 254 1897 nia
285 1822 854 1921 praemittendus
898 1838 1002 1893 est
1037 1821 1318 1893 animus
1339 1871 1364 1908 ,
1408 1824 2071 1919 cogitandumque,

147 1957 292 2011 non
337 1931 708 2027 quidquid
755 1931 978 2017 solet,
1029 1930 1154 1999 sed
1197 1928 1559 2021 quidquid
1603 1952 1842 2025 potest
1892 1938 2065 2009 fieri.

147 2045 348 2152 Quid
388 2044 590 2113 enim
634 2058 780 2130 est,
829 2040 1034 2133 quod
1083 2062 1234 2110 non
1285 2038 1613 2129 fortuna,
1655 2066 1892 2135 quum
1934 2074 2071 2118 vo..

142 2155 271 2227 luit
292 2206 316 2243 ,
346 2178 440 2229 ex
461 2151 960 2225 florentissimo
989 2149 1359 2221 detrahat?
1394 2150 1601 2243 quod
1633 2174 1781 2223 non
1809 2180 1896 2225 eo
1924 2180 2073 2229 ma·

144 2270 238 2367 gis
259 2266 714 2365 adgrediatur
737 2282 820 2337 et·
835 2263 1148 2359 quatiat,
1187 2284 1338 2355 quo
1367 2263 1745 2355 speciosius
1786 2264 2013 2363 fulget
2030 2271 2066 2341 Ρ

149 2378 354 2483 Quid
376 2378 486 2448 illi
511 2377 859 2461 arduum,
905 2374 1182 2475 quidve
1212 2372 1497 2444 difficile
1524 2374 1679 2445 est?
1716 2373 1791 2446 N
1796 2400 1891 2448 on
1924 2400 2069 2452 una

147 2495 250 2564 via
281 2510 566 2583 semper
587 2537 610 2574 ‚
637 2507 732 2558 ne
755 2503 908 2560 tota
935 2485 1238 2578 quidem
1261 2529 1285 2572 ‚
1313 2485 1627 2556 incurrit.
1664 2485 1900 2560 Modo
1930 2511 2069 2560 no·-

145 2618 300 2672 stras
324 2600 403 2670 in
433 2621 572 2670 nos
597 2615 848 2666 manus
873 2595 1176 2666 advocat
1191 2619 1212 2682 3
1235 2593 1481 2666 'modo
1504 2645 1527 2683 ,
1563 2596 1701 2666 suis
1727 2611 2069 2672 contenta

144 2707 408 2778 viribus
429 2755 455 2792 ,
505 2703 786 2774 invenit
823 2702 1134 2796 pericula
1183 2703 1332 2772 sine
1386 2721 1697 2778 auctore..
1753 2703 2069 2780 Nullum

143 2830 430 2908 tempus
469 2831 862 2907 exceptum
900 2829 1039 2897 est3⁴
1071 2811 1149 2886 in
1179 2811 1340 2904 ipsis
1379 2807 1871 2903 voluptatibus
1896 2835 2071 2883 cau·-

143 2951 252 2998 sae
274 2923 552 3014 doloris
577 2923 921 3015 otiuntur.
977 2913 1256 2994 Bellum
1288 2919 1366 2992 in
1404 2920 1639 2990 media
1674 2943 1847 3013 pace
1884 2909 2064 2997 con·-

144 3038 396 3135 surgit,
427 3049 505 3106 et
525 3035 784 3104 auxilia
811 3034 1192 3108 securitatis
1229 3033 1304 3102 in
1344 3045 1624 3104 metum
1658 3049 2067 3123 transeunts

149 3171 242 3218 ex
258 3147 492 3218 amico
510 3145 880 3231 inimicus,
907 3143 1122 3214 hostis
1148 3169 1240 3214 ex
1263 3143 1473 3213 socio.
1497 3143 1583 3214 In
1602 3143 1863 3215 subitas
1881 3163 2067 3216 tem-

143 3273 468 3352 pestates,
499 3255 968 3346 hibernisque
993 3256 1315 3339 maiores,
1341 3252 1569 3348 agitur
1591 3247 1843 3324 aestiua
1872 3272 2069 3325 tran-

144 3369 476 3461 quillitas·
543 3364 714 3437 Sine
765 3367 966 3435 hoste
1009 3365 1320 3458 patimur
1364 3362 1677 3450 hostilia3
1733 3381 1807 3436 et
1850 3367 2065 3439 cladis

145 3503 374 3550 causas
393 3529 416 3566 ,
457 3480 513 3549 si
543 3479 679 3548 alia
709 3475 1347 3563 deficiunt«,·nimia
1379 3475 1514 3546 sibi
1548 3471 1833 3548 felicitas
1860 3473 2069 3547 inve·-

144 3587 274 3658 nit.
309 3587 600 3660 Invadit
633 3587 1302 3682 temperantissimos
1323 3577 1686 3672 ‘morbus,
1726 3583 2079 3671 validissu

145 3721 300 3768 mos
335 3697 678 3792 phthisis,
719 3695 1332 3766 innocentissimos
1375 3719 1611 3790 poena
1630 3743 1652 3782 ‚
1700 3693 2067 3768 secretissi-

148 3831 298 3880 mos
323 3807 713 3980 tillimultus.
755 3804 966 3906 Eligit
983 3805 1256 3900 aliquid
1273 3804 1447 3882 novi
1462 3827 1684 3896 casus,
1709 3828 1835 3902 per
1854 3795 2081 3904 quod*

397 3959 416 3976 ο
1510 3921 1553 3981 2
