2759 4825
710 387 798 463 18
1073 386 1154 457 L.
1205 350 1651 457 A‘NNAEI
1710 376 2239 457 SENECAE

703 550 904 623 velut
946 545 1184 617 oblitis
1223 548 1399 617 vires
1432 570 1583 616 suas
1620 545 1905 642 ingerat.
1985 540 2369 650 Quidquid
2411 543 2637 637 longa

703 657 903 729 series
928 656 1171 726 multis
1191 655 1585 744 laboribus,
1624 658 1851 727 multa
1878 654 2117 727 Defim
2148 654 2639 751 indulgentia,

703 762 959 836 struxit
982 814 1005 851 ‚
1039 762 1115 833 id
1141 786 1324 835 unus
1366 763 1513 834 dies
1534 762 1791 861 spargit
1830 786 1910 834 ac
1949 763 2252 857 dissipat.
2297 764 2639 859 Longam

703 899 982 947 moram
1027 872 1230 945 dedit
1272 874 1473 945 malis
1522 873 2100 969 properantibus,
2140 873 2270 966 qui
2295 872 2493 969 diem
2520 872 2639 943 di-

703 987 848 1057 xit:
891 985 1102 1075 hora,
1148 982 1755 1080 momentumque
1793 988 2179 1081 temporis,
2222 986 2637 1059 evertendis

703 1098 1021 1191 imperiis
1047 1096 1413 1169 suffecere!
1452 1096 1641 1169 Esset
1666 1096 1967 1190 aliquod
1993 1095 2465 1167 inbecillitatis
2492 1120 2641 1166 no-

701 1221 879 1280 strae
901 1205 1232 1277 solatium
1265 1230 1651 1298 rerumque
1678 1224 2119 1293 nostrarum,
2159 1207 2214 1279 si
2248 1223 2396 1277 tam
2422 1205 2639 1275 tarde

701 1312 1016 1409 perirent
1057 1326 1354 1397 cuncta,
1402 1335 1621 1404 quam
1672 1312 1897 1415 fiunt3
1945 1335 2141 1383 nunc
2186 1314 2639 1383 incrementa

703 1426 898 1493 lente
935 1435 1244 1505 exeunt,
1295 1416 1715 1489 festinatur
1697 1410 1774 1489 in
1818 1419 2191 1491 damnum.
2232 1420 2433 1492 Nihil
2476 1421 2639 1513 pri-

701 1530 970 1617 vatim,
1011 1528 1192 1599 nihil
1219 1526 1512 1621 publice
1548 1527 1795 1599 stabile
1822 1545 1960 1614 est3
2000 1545 2147 1599 tam
2190 1529 2635 1617 hominurn,

703 1661 924 1730 quarn
952 1636 1244 1707 urbium
1270 1687 1291 1723 ‚
1321 1636 1474 1732 fata·
1488 1638 1902 1707 volvuntur.
1936 1637 2131 1707 Inter
2156 1638 2639 1729 placidissima

701 1760 930 1817 terror
952 1741 1248 1826 exsistit3
1280 1740 1603 1833 nihilque
1628 1759 1824 1811 extra
1843 1744 2451 1815 tumultuantibus
2468 1768 2643 1815 cau·

701 1852 822 1938 sis,
857 1852 1078 1938 mala,
1122 1850 1322 1920 unde
1363 1848 1667 1921 minime
1712 1850 2337 1945 exspectabantur,
2376 1876 2635 1925 erum-

701 1975 908 2055 punt.
935 1959 1144 2062 Quae
1169 1956 1570 2028 domesticis
1598 1957 1800 2029 bellis
1823 1974 2157 2031 steterant
2179 1983 2412 2056 regna,
2430 1986 2634 2055 quae

701 2068 1008 2141 externis
1027 2115 1053 2152 ‚
1083 2066 1475 2160 inpellente
1499 2067 1702 2139 nullo
1736 2084 1977 2141 ruunt.
2028 2070 2632 2173 Quotaquaeque

701 2176 1110 2249 felicitatem
1147 2176 1387 2247 civitas
1406 2176 1703 2273 pertulit
1720 2176 1755 2247 Ξ)

797 2282 1196 2382 ¹Cogitanda
1219 2308 1387 2381 ergo
1410 2300 1578 2357 sunt
1612 2285 1853 2357 omnia
1875 2336 1901 2374 ,
1940 2301 2019 2367 et
2040 2287 2319 2362 animus
2356 2287 2634 2363 adver-

697 2419 816 2472 sus
835 2423 953 2485 ea,
985 2421 1168 2490 quae
1191 2416 1491 2490 possunt
1514 2396 1797 2470 evenire
1812 2449 1835 2487 ,
1868 2397 2279 2472 firmandus.
2314 2400 2576 2472 Exsilia
2602 2454 2630 2490 ,

698 2499 1104 2593 tormenta,
1151 2506 1378 2595 bella,
1433 2507 1726 2579 morbos
1748 2559 1775 2598 ,
1822 2509 2186 2606 naufragia
2222 2510 2631 2585 meditare!

697 2615 944 2688 Potest
968 2630 1041 2686 te
1061 2615 1365 2708 patriae,
1410 2630 1649 2709 potest
1678 2619 1977 2711 patriam
2002 2619 2137 2690 tibi
2170 2643 2361 2690 casus
2382 2621 2631 2714 eripe-

697 2749 821 2812 re3
861 2740 1102 2819 potest
1133 2741 1208 2798 te
1232 2724 1310 2806 in
1333 2725 1797 2800 solitudinem
1828 2728 2167 2815 abiicere;
2201 2745 2436 2823 potest
2464 2730 2623 2802 hoc

697 2833 936 2929 ipsu·
955 2885 979 2923 ‚
1023 2835 1100 2907 in
1143 2861 1296 2930 quo
1340 2837 1555 2908 turba
1605 2836 2022 2927 suffocatur,
2064 2839 2215 2910 fieri
2264 2837 2621 2912 solitudo·

695 2945 890 3016 Tota
915 2966 1082 3016 ante
1101 2951 1348 3018 oculos
1390 2948 1586 3020 sortis
1621 2947 1977 3021 humanae
2012 2948 2335 3028 conditio
2378 2973 2627 3044 pona-

697 3069 852 3139 tu13
882 3078 1016 3125 nec
1032 3103 1056 3141 ‚
1089 3071 1445 3148 quantum
1470 3055 1881 3150 frequenter
1908 3058 2147 3130 evenit
2164 3107 2187 3144 ,
2225 3057 2351 3128 sed
2378 3081 2627 3152 quan-

699 3179 861 3236 tum
887 3163 1281 3258 plurimum
1307 3178 1543 3256 potest
1568 3166 1890 3253 evenire,
1914 3189 2439 3259 praesumamus
2457 3166 2629 3236 ani-

697 3299 866 3360 me,
904 3274 960 3342 si
982 3273 1324 3343 nolumus
1347 3273 1701 3366 opprimi,
1734 3297 1871 3344 nec
1904 3275 2063 3345 ullis
2094 3272 2436 3345 inusitatis
2461 3275 2626 3362 vel-

643 3462 658 3487 ⁸
695 3400 786 3456 ‘ut
811 3383 1016 3456 novis
1055 3381 1539 3477 obstupefieri.
1586 3385 1673 3452 In
1707 3385 2010 3477 plenum
2056 3381 2425 3478 cogitanda
2464 3381 2628 3452 for-

697 3508 876 3566 tuna
905 3489 1044 3560 est!
1082 3489 1445 3592 Quotiens
1476 3489 1677 3562 Asiae
1701 3543 1733 3580 „
1774 3489 2111 3584 quotiens
2146 3489 2447 3562 Achaiae
2490 3516 2625 3562 ur·-

696 3601 824 3674 bes
846 3625 996 3672 uno
1033 3615 1340 3674 tremore
1365 3600 1821 3672 ceciderunt?
1863 3619 2051 3695 quot
2078 3601 2339 3696 oppida
2362 3601 2439 3670 in
2470 3598 2623 3697 Sy.-

625 3771 630 3776 .
697 3711 850 3784 ria?
885 3721 1070 3803 quot
1101 3712 1178 3784 in
1204 3713 1619 3784 Macedonia
1660 3711 1991 3786 devorata
2018 3710 2235 3783 sunt?
2274 3709 2619 3806 Cyprum

701 3820 1036 3916 quotiens
1051 3824 1346 3898 vastavit
1369 3822 1547 3895 haec
1568 3821 1797 3898 clades
1816 3823 1851 3895 ἓ
1892 3824 2225 3918 quotiens
2255 3821 2333 3892 in
2368 3840 2441 3892 se
2468 3822 2615 3892 Pa-
