2759 4825
565 358 570 370 '
669 395 802 470 ηε
1041 349 1128 464 ι’.
1180 384 1625 462 ΑΝΝΑΕῙ
1670 381 2181 462 SENECAE

657 564 1090 626 contextum
1135 548 1366 642 operis
1414 547 1599 634 mei3
1646 547 1771 618 scis
1814 549 2047 636 enirn,
2090 571 2218 632 me,
2247 539 2570 620 Moralem

659 660 1133 758 Philosophiam
1176 660 1363 730 velle
1402 659 1822 751 complecti,
1870 673 1945 730 et
1984 683 2231 728 omnes
2263 655 2357 728 ad
2404 683 2567 728 eam

657 774 1090 869 pertinentes
1115 766 1553 860 quaestiones
1592 766 1955 859 explicare.
1998 769 2249 860 Itaque
2280 767 2571 874 dubita-

658 886 772 969 vi,
801 898 1048 960 utrum
1075 876 1431 948 differrem
1456 893 1568 966 te,
1597 900 1723 963 an,
1753 877 1987 961 donec
2012 901 2173 950 suus
2197 879 2304 948 isti
2324 879 2425 950 rei
2445 904 2570 948 ve-

657 993 842 1062 niret
865 991 1061 1060 locus
1085 1039 1108 1074 ,
1135 987 1244 1056 ius
1269 986 1403 1056 tibi
1444 1001 1641 1056 extra
1671 986 1999 1058 ordinem
2036 987 2377 1070 dicerem:
2422 988 2567 1058 hu-

658 1099 934 1170 manius
966 1101 1194 1169 visum
1223 1111 1364 1180 est,
1396 1112 1541 1166 tam
1579 1099 1793 1193 longe
1817 1097 2227 1168 venientem
2252 1121 2403 1168 non
2432 1097 2564 1169 de·

657 1215 901 1300 tinere.
931 1209 1182 1301 Itaque
1210 1223 1281 1276 et
1306 1207 1443 1277 hoc
1470 1230 1558 1276 ex
1586 1207 1699 1276 illa
1718 1210 1891 1278 serie
1913 1231 2151 1280 rerum
2182 1209 2565 1280 cohaeren-

655 1320 842 1389 tium
869 1340 1242 1407 excerpam
1265 1365 1286 1398 ‚
1313 1333 1383 1384 et
1401 1366 1420 1400 ‚
1450 1314 1503 1384 si
1530 1338 1673 1405 qua
1700 1335 1909 1386 erunt
1939 1316 2377 1402 huiusmodi,
2400 1338 2563 1386 non

569 1479 576 1488 .
657 1426 1020 1520 quaerenti
1052 1419 1186 1495 tibi
1211 1424 1402 1492 ultro
1428 1422 1727 1492 mittam.
1764 1424 1971 1527 Quae
2008 1425 2147 1494 sint
2188 1426 2395 1511 haee,
2444 1426 2565 1496 in·

655 1555 958 1632 terrogas
979 1537 1012 1604 ?
1041 1536 1249 1638 Quae
1274 1532 1443 1604 scire
1470 1533 1684 1630 magis
1706 1532 1899 1604 iuvat
1916 1581 1940 1617 ,
1972 1557 2191 1626 quam
2226 1536 2561 1629 prodestf

654 1651 836 1722 sicut
855 1647 1016 1733 hoc,
1040 1645 1134 1717 de
1151 1668 1302 1733 quo
1323 1643 1629 1735 quaeris:
1658 1643 1761 1714 An
1781 1643 2058 1717 Bonum.
2086 1643 2189 1720 Co
2204 1672 2240 1714 r
2242 1665 2346 1744 pu
2360 1671 2393 1715 s
2412 1649 2501 1716 sit
2516 1649 2563 1714 a?

754 1758 1040 1830 Bonum
1047 1755 1272 1852 flacit,-
1293 1754 1560 1852 prodest
1584 1752 1815 1824 enimi
1852 1754 2057 1845 quod
2066 1755 2288 1852 facit.
2332 1781 2561 1852 corpus

655 1886 778 1940 est.
808 1867 1088 1938 Bonum
1111 1865 1320 1961 agitat
1349 1865 1673 1936 animum
1692 1913 1713 1952 ‚
1748 1881 1821 1936 et
1846 1867 2390 1960 quodammodo
2413 1867 2563 1940 for-

653 1999 804 2054 mat
833 1999 906 2051 et
931 1977 1287 2049 continetz
1324 1999 1507 2067 quae
1532 1978 1814 2069 propria
1838 1996 2003 2048 sunt
2022 1982 2313 2075 corporis.
2346 1981 2559 2084 Quae

653 2094 929 2190 corporis
957 2091 1113 2158 bon'a
1139 2102 1304 2156 sunt
1325 2139 1346 2170 ‚
1382 2110 1644 2184 corpora
1662 2083 1865 2164 sunu
1906 2112 2071 2183 ergo
2098 2107 2169 2158 et
2195 2112 2380 2181 quae
2409 2094 2563 2160 ani·-

649 2205 746 2276 mi
773 2201 972 2283 sun't3
1011 2221 1179 2267 nam
1205 2212 1276 2266 et
1303 2195 1420 2266 hic
1446 2221 1671 2294 corpus
1694 2210 1817 2266 est.
1854 2198 2109 2268 Bonum
2132 2195 2399 2268 hominis
2425 2223 2565 2270 ne·-

651 2335 834 2381 cesse
859 2324 962 2380 est
995 2331 1219 2404 corpus
1241 2305 1360 2389 sit,
1390 2329 1621 2396 quum
1657 2306 1805 2398 ipse
1830 2307 1915 2376 sit
1944 2308 2308 2404 corporalis.
2344 2309 2564 2378 Men-

652 2421 828 2507 tior,
873 2415 1004 2490 nisi
1041 2435 1111 2485 et
1145 2440 1326 2507 quae
1371 2417 1575 2487 alunt
1608 2415 1827 2501 illud,
1872 2433 1944 2487 et
1990 2440 2173 2507 quae
2222 2415 2563 2488 valitudi-

651 2554 822 2600 nem
875 2527 1022 2596 eius
1051 2527 1168 2593 vel
1205 2524 1628 2595 custodiunt
1672 2526 1787 2596 'vel
1824 2526 2241 2611 restituunt,
2292 2548 2560 2624 corpora

645 2653 858 2723 sunt:
897 2658 1063 2730 ergo
1089 2652 1164 2703 et
1183 2632 1467 2703 Bonum
1499 2634 1647 2703 eius
1670 2684 1694 2720 ,
1738 2658 1962 2732 corpus
1989 2652 2108 2705 est.
2157 2634 2325 2705 Non
2364 2655 2556 2729 puto

649 2764 733 2818 te
783 2740 1276 2815 dubitaturum
1297 2796 1320 2831 ‚
1373 2768 1465 2815 an
1516 2736 1811 2844 affectus
1876 2772 2138 2843 corpora
2186 2748 2359 2835 sint,
2416 2750 2443 2841 (
2470 2758 2557 2821 ut

649 2850 844 2925 aliud
875 2844 1208 2948 quo}1ue‚
1255 2853 1346 2924 de
1372 2876 1520 2947 quo
1561 2876 1711 2925 non
1743 2856 2049 2947 quaeris,
2093 2852 2453 2928 infulciam
2475 2862 2554 2952 ,)

649 2986 1017 3055 tamquam
1039 2963 1134 3032 ira
1154 3015 1174 3049 ‚
1208 2988 1452 3050 amor,
1488 2961 1792 3034 tristitia:
1830 2964 1886 3034 si
1921 2964 2243 3055 dubitas,
2271 2966 2433 3039 vide
2458 2992 2557 3039 an

647 3071 936 3138 vultum
977 3067 1184 3138 nobis
1228 3087 1553 3157 mutent,
1598 3094 1687 3140 an
1732 3068 2043 3143 frontem
2086 3074 2557 3173 adstringant,

646 3201 739 3247 an
777 3174 1026 3247 faciem
1066 3174 1513 3264 diffundant,
1552 3201 1643 3249 an
1686 3179 2021 3251 ruborem
2069 3200 2371 3254 evocent
2392 3234 2416 3270 ,
2456 3200 2557 3254 an

648 3288 898 3384 fugent
939 3286 1374 3383 sanguinem⁴
1430 3289 1635 3395 Quid
1688 3290 1908 3387 ergo?
1960 3311 2105 3363 tam
2158 3292 2557 3369 manifestas

575 3430 586 3446 ·
649 3397 929 3489 corpori
961 3414 1162 3467 notas
1199 3398 1419 3468 credis
1460 3398 1797 3492 inprimi,
1841 3400 1973 3471 nisi
2006 3428 2047 3471 a
2086 3392 2428 3495 corpore?-
2474 3402 2554 3475 Si

648 3508 983 3607 affectus,
1014 3534 1273 3606 corpora
1295 3525 1501 3596 sunt;
1546 3524 1617 3579 et
1648 3512 1854 3581 morbi
1892 3515 2283 3587 animorum.
2328 3514 2556 3584 avari-

648 3619 778 3703 tia,
819 3618 1224 3703 crudelitas,
1275 3620 1605 3702 indurata
1641 3619 1809 3691 vitia
1832 3670 1857 3707 ‚
1908 3641 1981 3691 et
2006 3622 2081 3691 in
2110 3639 2369 3692 statum
2394 3622 2552 3697 ine-

647 3725 1136 3799 mendabilem
1161 3728 1511 3810 adducta:
1558 3754 1725 3829 ergo
1755 3746 1829 3801 et
1860 3732 2149 3806 malicia,
2182 3746 2255 3801 et
2286 3731 2579 3825 species*

651 3831 799 3905 eius
833 3860 1080 3911 omnes
1102 3836 1596 3945 ,‘'malignitas‚
1628 3839 1897 3917 invidia
1916 3836 1958 3936 ,'
1982 3838 2341 3938 superbia:
2384 3866 2548 3943 ergo
