2759 4825
612 406 735 487 254
1063 398 1420 467 nont-2
1451 358 1568 505 'm
1621 394 2078 469 sturme

696 550 735 610 1.
760 565 798 609 2-
812 568 895 629 ις.
926 566 995 609 est
1012 568 1115 630 qua
1144 544 1682 641 expallitnquieuqque
1709 547 1848 609 vult.
1877 543 1974 639 §ic
1999 556 2204 609 noster
2227 540 2440 641 Argus.
2477 560 2540 609 et

615 631 808 711 Ampl.
830 643 893 691 et
925 630 1057 691 Par.
1078 628 1137 691 d.
1167 646 1280 691 uec
1308 627 1478 691 ahter
1501 646 1754 709 prunum
1783 642 2067 707 scriptum
2090 625 2281 687 fuerat
2307 644 2372 690 m
2413 644 2540 689 no-

612 729 741 777 stro
762 712 817 771 b.
841 711 903 773 in
918 728 1046 792 quo
1072 710 1309 792 quidem
1326 707 1538 771 deinde
1566 726 1641 771 ex
1661 708 1964 791 quicumque
1988 704 2204 771 factum
2241 728 2540 788 quemeum-

612 816 728 875 que.
768 792 1102 858 Pronomen
1128 813 1259 864 nos,
1288 789 1456 876 quod
1481 804 1619 853 ante
1649 790 1902 871 expellit,
1933 788 2070 853 inde
2103 806 2141 849 a
2161 788 2415 851 Mureto
2447 790 2540 850 in·

612 890 833 939 sertum
859 872 1193 954 legebatur,
1229 873 1504 953 ignorant
1538 885 1775 935 veteres
1805 860 1938 934 libri
1949 868 2140 933 nostri
2161 886 2412 944 omnes3
2438 888 2540 931 re-

612 971 741 1028 cte,
780 972 969 1037 quum
1011 952 1196 1017 modo
1231 952 1614 1034 praecesserit
1653 973 1753 1013 nos
1793 951 1958 1015 misit.
2007 948 2078 1018 Iti
2118 950 2208 1013 ed.-
2252 948 2438 1013 Rom.
2472 967 2536 1013 et

612 1034 744 1101 aliis
760 1051 897 1101 ante
920 1032 1086 1098 Mur.
1114 1032 1311 1097 fuerat
1336 1054 1404 1095 ex
1435 1055 1543 1114 qua
1569 1032 1840 1116 expellitur
1861 1032 2146 1115 quicunque
2171 1032 2306 1094 vult.
2345 1030 2414 1093 In
2437 1034 2535 1095 ed.

614 1120 702 1180 A.
728 1133 791 1179 et
808 1132 1019 1180 nostro
1052 1134 1158 1177 ms.
1172 1136 1219 1178 c.
1247 1136 1316 1175 ex
1344 1137 1450 1196 qua
1473 1137 1618 1177 nemo
1651 1115 1926 1197 expellitur
1949 1113 2053 1175 nisi
2085 1113 2372 1196 quicunque
2393 1115 2537 1177 vult.

608 1196 685 1262 In
707 1199 837 1261 Par.
854 1222 907 1261 a.
930 1215 992 1263 et
1020 1197 1083 1262 in
1108 1196 1239 1259 Par.
1264 1198 1316 1258 b.
1338 1214 1372 1257 a
1401 1214 1524 1261 sec.
1563 1214 1742 1259 manu
1767 1218 1834 1261 ex
1857 1217 1961 1279 quo
1987 1218 2092 1262 non
2118 1196 2402 1277 expellitur
2420 1197 2537 1277 quia

611 1302 809 1362 cunque
836 1280 970 1347 vult.
1010 1276 1077 1341 ln
1110 1278 1200 1341 ed.
1221 1279 1436 1341 Eram.
1464 1298 1519 1339 2.
1543 1298 1740 1419 exZua
1763 1276 1976 1364 expellit
1999 1296 2346 1359 quemcunque
2375 1276 2534 1349 vult,

607 1358 1103 1444 quemadmodum
1142 1357 1205 1423 in
1242 1374 1456 1421 nostro
1486 1377 1596 1421 ms.
1655 1401 1674 1419 .
1709 1377 1743 1423 a
1777 1378 1892 1424 sec.
1931 1378 2132 1426 manu.

691 1444 735 1505 l.
756 1460 816 1521 3.
850 1460 901 1503 et
932 1458 1087 1503 tanta
1112 1439 1359 1501 stultitia.
1405 1438 1500 1503 Sic
1531 1456 1694 1501 recte
1743 1441 1900 1502 editt.
1947 1456 2092 1504 vett.
2135 1458 2274 1503 cum
2309 1438 2532 1503 nostris

610 1524 808 1589 mstis
822 1546 881 1583 a.
902 1538 961 1587 et
983 1525 1033 1584 b.
1056 1537 1115 1583 et
1136 1520 1414 1585 omnibus
1436 1518 1748 1602 Opsopoei
1777 1522 2082 1605 tribusque
2115 1518 2386 1585 Gruteri.
2425 1522 2536 1583 Sed

610 1621 764 1669 tanta
782 1604 931 1665 stult.
966 1602 1141 1667 habet
1174 1620 1375 1665 noster
1399 1620 1505 1665 ms.
1527 1624 1570 1665 c.
1599 1619 1662 1663 et
1687 1601 1784 1665 ed.
1801 1606 1879 1667 Α.
1905 1602 2068 1687 quod
2095 1602 2402 1685 amplexus
2437 1619 2529 1667 est

610 1684 921 1760 Muretus,
958 1702 1019 1745 et
1056 1684 1133 1747 ab
1152 1683 1277 1748 aliis
1305 1682 1494 1765 vulgo
1519 1700 1843 1765 receptum.
1924 1686 1964 1745 l.
1991 1702 2045 1763 ς.
2082 1706 2246 1763 quum
2277 1683 2532 1765 ἰιιφιετα-

608 1788 739 1831 vere.
778 1766 878 1829 De
900 1765 1189 1845 scriptura
1212 1787 1369 1847 quum
1382 1810 1406 1839 ,
1471 1784 1542 1827 ro
1559 1782 1636 1827 eo
1659 1766 1824 1847 quod
1850 1764 2098 1843 inlibris
2122 1764 2346 1827 nostris
2377 1783 2530 1832 con-

609 1865 837 1911 stanter
861 1869 977 1909 cum
1010 1862 1137 1921 est,
1166 1847 1225 1907 in
1254 1845 1400 1909 Prae
1428 1863 1506 1910 at.
1531 1845 1670 1909 dixi.
1716 1844 2060 1915 obtinuisse
2091 1860 2290 1911 tamen
2325 1846 2388 1907 in
2416 1864 2529 1907 ve-

606 1929 959 1993 tustioribus
990 1927 1135 1989 olim
1166 1926 1476 1992 codicibus
1509 1926 1860 2009 scripturam
1893 1950 2087 2009 quum,
2131 1927 2268 1993 inde
2303 1925 2378 1989 fit
2415 1945 2529 1991 ve·-

604 2010 875 2084 risimile‚
909 2008 1075 2090 quod
1110 2007 1176 2069 in
1210 2007 1314 2087 Ep.
1342 2023 1546 2071 xxm.
1583 2027 1641 2087 p.
1669 2030 1788 2091 94,
1825 2008 1918 2073 28.
1945 2027 2060 2091 pro
2085 2031 2204 2073 cunt
2229 2007 2334 2071 vel
2367 2030 2527 2088 quum

522 2160 527 2165 ,
607 2109 911 2174 perperam
932 2112 1083 2179 quam
1109 2088 1390 2170 scriptum
1419 2090 1477 2149 in
1509 2081 1758 2153 vetustis
1780 2090 1939 2151 libris
1974 2090 2283 2173 reperitur.
2333 2087 2404 2151 ln
2427 2091 2530 2151 im·

599 2190 861 2253 permen
872 2208 893 2240 ,
914 2170 1077 2250 quod
1092 2186 1251 2231 recte
1268 2188 1304 2232 a
1322 2170 1568 2232 Mureto
1592 2185 1890 2251 receptum
1911 2186 2001 2235 est
2019 2213 2040 2245 ,
2061 2190 2198 2235 cum
2217 2171 2346 2233 aliis
2363 2190 2529 2251 prae-

592 2251 999 2315 stantioribus
1026 2248 1193 2311 libris
1222 2251 1598 2319 consentiunt
1628 2252 1814 2317 nostri
1851 2271 2060 2315 mss.a.
2097 2269 2157 2314 et
2179 2254 2231 2315 b.
2263 2270 2529 2333 quorum

604 2331 665 2393 in
694 2332 1025 2414 posteriore
1087 2331 1277 2395 uidem
1303 2336 1696 2416 impetraverunt
1717 2332 2004 2398 scribitur.
2035 2332 2350 2416 Perperam
2366 2334 2527 2414 perire

606 2417 703 2483 ed.
727 2415 911 2478 Rom.
937 2430 997 2476 et
1074 2433 1205 2477 arv.
1232 2432 1359 2478 tum
1395 2416 1580 2496 periere
1603 2415 1695 2478 ed.
1715 2416 1868 2483 Vera.
1895 2432 1957 2480 et
1987 2412 2216 2481 Erasm.
2239 2433 2378 2484 cum
2417 2435 2528 2480 no-

604 2512 731 2562 stro
756 2516 863 2559 ms.
882 2517 927 2557 c.
956 2511 1018 2556 et
1040 2494 1174 2557 Par.
1192 2519 1245 2556 a.
1278 2513 1337 2559 et
1356 2497 1450 2558 ed.
1471 2497 1552 2558 A.
1634 2495 1676 2560 l.
1703 2498 1764 2559 6.
1791 2518 2010 2565 nemost
2027 2497 2236 2563 iudicet.
2261 2497 2358 2562 Sic
2385 2517 2528 2560 ver-

602 2578 681 2638 ba
716 2577 855 2650 ista,
900 2575 977 2638 ad
1010 2577 1416 2657 praecedentia
1448 2577 1662 2653 relata,
1691 2578 1942 2672 primum
1963 2578 2320 2642 exhibentur
2341 2578 2402 2640 in
2430 2579 2524 2642 ed.

604 2657 834 2722 Erasm.
866 2677 959 2732 2„
992 2656 1201 2720 eodem
1236 2676 1390 2720 vero
1411 2659 1596 2722 modo
1624 2675 1806 2724 ettam
1848 2659 1911 2722 in
1945 2658 2330 2734 msstis,cum
2363 2660 2528 2735 aliis,

603 2752 735 2804 tum
770 2737 983 2801 nostris
998 2762 1055 2802 a.
1070 2740 1191 2800 eth.
1216 2738 1329 2802 Sed
1343 2786 1364 2815 ,
1385 2741 1704 2820 praemissa
1731 2741 1957 2804 maiore
1971 2739 2382 2817 distinctione,
2403 2744 2527 2802 Ne·-

603 2842 691 2882 mo
715 2823 924 2884 iudicat
950 2843 1005 2884 se
1032 2820 1311 2884 scribitur
1335 2821 1397 2884 in
1429 2840 1542 2884 αις.
1561 2842 1610 2883 c.
1643 2823 1790 2886 etin
1815 2823 1904 2886 ed.
1925 2825 2006 2884 A.
2055 2839 2116 2886 et
2143 2824 2318 2890 Nemo
2343 2845 2402 2886 se
2435 2823 2524 2884 iu-

601 2902 748 2966 dicat
782 2902 879 2966 eda
897 2901 1077 2966 Rom.
1096 2901 1282 2964 Tarte.
1304 2902 1459 2970 Ven.
1491 2921 1551 2966 et
1572 2901 1796 2970 Erasm.
1822 2923 1874 2968 1.
1899 2904 2068 2985 quod
2090 2903 2292 2983 ,ipsum
2310 2905 2372 2966 in
2398 2905 2526 2985 ple-

600 2983 797 3064 risque
838 2983 1012 3078 etiam
1042 3003 1079 3045 e
1113 2984 1235 3046 suis
1262 2985 1457 3047 msstis
1493 2985 1572 3048 ita
1593 2984 1774 3046 scribi
1793 2983 2092 3051 Gruterus
2113 2985 2216 3048 ait.
2295 2986 2336 3049 1.-
2361 2985 2420 3048 8.
2461 3007 2525 3048 nc

596 3067 1141 3238 ἒῖἴέἱὲῑῗΐὲἱΐῖᾗ
1150 3084 1357 3208 353?
1390 3065 2524 3242 ¹³³ffiu¹222⁰3d3³2251ffi‘·f5.¹3”3.3322

599 3224 737 3286 alibi
782 3245 859 3288 ex
901 3223 1233 3288 iunioribus
1278 3248 1335 3305 m
1395 3227 1468 3288 tis
1505 3227 1564 3288 in
1603 3245 1816 3294 omnes
1854 3231 2144 3294 editiones
2191 3229 2524 3304 invaserat,

598 3306 709 3368 ubi
732 3306 1107 3392 probatiores
1130 3305 1263 3370 libri
1286 3327 1496 3372 omnes
1529 3331 1592 3368 ne
1617 3311 1853 3389 quidem,
1883 3331 2006 3374 non
2035 3333 2128 3374 mc
2147 3311 2352 3392 quidem
2370 3357 2394 3384 ‚
2413 3314 2534 3375 da·-

598 3387 761 3452 bant.
836 3391 880 3449 1.
912 3406 1000 3450 ιο.
1031 3389 1268 3451 Fatebor.
1292 3392 1484 3452 Fateor
1507 3408 1620 3456 ms·
1641 3413 1688 3452 c.
1705 3409 1764 3454 et
1787 3395 1976 3474 Ampl.
2061 3395 2103 3457 l.
2133 3413 2154 3454 ι
2173 3413 2222 3460 ι.
2247 3395 2515 3476 inpensae.

598 3467 695 3532 Sic
722 3485 919 3532 noster
938 3496 993 3532 a.
1018 3490 1139 3533 non
1161 3473 1435 3555 impensae.
1468 3469 1578 3535 Sed
1607 3471 1680 3537 de
1711 3473 1828 3536 hoc
1847 3493 2064 3557 genere
2087 3473 2372 3558 deinceps
2392 3495 2520 3540 mo-

596 3569 741 3614 nere
764 3554 1193 3635 supersedebo,
1222 3555 1297 3629 de
1317 3574 1441 3636 quo
1464 3555 1523 3615 in
1547 3552 1916 3618 praefatione
1937 3557 2156 3619 dictum
2182 3572 2293 3620 est.

681 3638 722 3694 l.
754 3657 775 3696 1
792 3657 842 3696 2.
875 3636 1009 3695 nihil
1022 3640 1241 3720 perdere.
1274 3637 1480 3718 Vulgo
1496 3659 1584 3700 me
1613 3637 1750 3698 nihil
1763 3640 1999 3718 perdere,
2023 3638 2188 3722 quod
2217 3655 2279 3701 et
2307 3639 2374 3702 in
2404 3643 2519 3706 tri-

598 3711 710 3775 bus
735 3717 923 3808 tnsstis
946 3721 1159 3800 reperit
1176 3719 1492 3782 Gruterus.
1513 3719 1628 3782 Sed
1649 3738 1978 3798 pronomen
1998 3721 2328 3802 personale,
2349 3725 2516 3806 quod

598 3811 661 3854 et
688 3796 823 3856 abbi
852 3800 1063 3880 passim
1086 3801 1257 3862 simili
1276 3804 1339 3864 in
1368 3802 1820 3864 constructione
1835 3804 2104 3865 omittere
2119 3801 2339 3876 Seneca
2360 3825 2520 3870 con·

597 3877 831 3954 suevit,
867 3898 1013 3942 cum
1051 3884 1303 3949 editione
1320 3886 1402 3948 A.
1439 3885 1716 3968 ignorant
1745 3885 1934 3947 nostri
1962 3903 2100 3948 mss.
2119 3907 2184 3948 a.
2197 3884 2251 3946 b.
2279 3906 2329 3948 c.
2365 3906 2512 3952 cum
