2759 4825
667 409 766 521 εξ
1027 411 1111 483 L.
1161 402 1625 485 ANNAE1
1673 402 2197 485 SENECAE

666 591 817 665 tet,
848 574 1198 661 monitu„
1243 572 1604 647 concedo:
1646 572 1770 645 sed
1806 571 1881 643 id
1914 594 2169 671 parum
2198 589 2299 643 est
2324 622 2349 659 ‚
2394 594 2631 665 quo-

664 686 858 757 niam
891 680 1188 775 quidem
1225 704 1380 753 non
1430 682 1507 752 in
1549 678 1737 752 facto
1779 680 1933 750 laus
1968 698 2106 767 est,
2156 678 2277 751 sed
2326 678 2403 750 in
2446 702 2557 749 eo
2588 728 2617 766 ,

663 788 1281 886 quemadmodum
1325 790 1468 861 fiat.
1521 787 1726 895 Quid
1782 802 1887 859 est
1938 810 2163 860 coena
2210 806 2621 861 sumtuosa

657 901 1101 999 flagitiosius,
1143 916 1218 970 et
1255 908 1663 1005 equestrem
1718 920 2005 971 censum
2052 916 2543 971 consumente
2568 899 2617 968 Ξ)

659 1008 846 1105 quid
889 1026 1034 1079 tam
1079 1006 1387 1105 dignum
1418 1006 1727 1078 censoria
1761 1024 1975 1094 nota,
2014 1007 2070 1077 εἰ
2102 1008 2302 1101 quis,
2344 1024 2435 1079 ut
2472 1006 2613 1078 isti

611 1212 616 1217 ·
653 1140 1006 1219 ganeones
1033 1117 1483 1209 loquuntur,
1532 1116 1664 1187 sibi
1692 1117 1832 1187 hoc
1866 1131 1939 1188 et
1964 1118 2175 1213 genio
2210 1142 2341 1189 suo
2374 1140 2609 1211 prae-

651 1226 838 1301 stet?
884 1243 958 1297 et
999 1224 1266 1296 totiens
1312 1239 1555 1294 tamen
1604 1221 1917 1293 sestertio
1956 1222 2267 1294 aditiales
2307 1246 2605 1295 coenae

649 1333 1118 1433 fiugalissimis
1143 1332 1304 1403 viris
1339 1330 1835 1403 constiterunt.
1873 1328 2141 1401 Eadem
2168 1352 2313 1418 res,
2354 1330 2411 1401 si
2434 1354 2595 1427 gu·-

645 1449 756 1518 lae
781 1446 987 1516 datur
1008 1496 1032 1531 ‚
1065 1442 1292 1537 turpis
1322 1461 1466 1527 est3
1513 1441 1569 1510 si
1610 1439 1869 1511 honori
1888 1490 1912 1527 ‚
1938 1443 2594 1535 reprehensionem

449 1556 455 1563 ’
561 1626 569 1633 ,
645 1554 915 1650 effugit.
954 1553 1128 1624 Non
1157 1551 1353 1624 enim
1386 1550 1664 1621 luxuria
1683 1600 1709 1637 ‚
1744 1548 1868 1621 sed
1904 1550 2193 1644 inpensa
2235 1554 2593 1635 solemnis

643 1683 767 1737 est.
799 1664 1120 1735 Mullum
1153 1660 1459 1760 ingentis
1492 1660 1763 1732 formae
1814 1662 2080 1755 (quare
2124 1678 2363 1733 autem
2410 1686 2587 1734 non

642 1774 932 1872 pondus
952 1772 1206 1845 adiicio
1233 1820 1256 1860 ,
1281 1788 1354 1842 et
1379 1771 1789 1862 aliquorum
1825 1772 2067 1868 gulam
2096 1771 2359 1871 inrito?
2390 1794 2586 1864 qua-

641 1906 815 1957 tuor
845 1885 1098 1979 pondo
1143 1902 1217 1954 et
1241 1881 1333 1952 ad
1372 1880 1699 1952 selibram
1734 1880 1945 1953 fuisse
1972 1882 2299 1975 aiebant)
2338 1882 2582 1953 Tibe-

637 1997 782 2068 rius
807 1995 1090 2081 Caesar,
1131 1993 1425 2092 missum
1452 1993 1583 2063 sibi
1602 2044 1625 2080 ,
1652 2004 1886 2085 quum
1912 1994 1989 2063 in
2016 1995 2397 2065 macellum
2424 1993 2577 2065 de·-

635 2104 801 2177 ferri
843 2120 913 2174 et
950 2105 1194 2175 venire
1231 2100 1567 2173 iussisaet:
1606 2100 1855 2177 Amici,
1886 2103 2168 2195 inquit,
2218 2106 2433 2180 omnia
2456 2129 2573 2175 me

618 2210 922 2311 fallunt,
968 2210 1096 2281 nisi
1131 2211 1326 2279 istum
1364 2210 1636 2279 mullum
1672 2226 1789 2280 aut
1823 2213 2089 2308 Apicius
2130 2215 2393 2287 emerit,
2436 2228 2573 2284 auc

633 2320 717 2392 Ρ.
749 2318 1080 2393 Octavius.
1127 2316 1324 2390 Ultra
1357 2342 1558 2412 spem
1592 2319 1695 2389 illi
1734 2320 2143 2409 coniectura
2170 2324 2509 2417 processit
2536 2352 2559 2393 ε

632 2433 882 2504 licitati
910 2438 1108 2518 sunt3
1162 2431 1333 2502 vicit
1359 2430 1701 2502 Octavius
1722 2481 1746 2519 ,
1784 2447 1859 2502 et
1893 2433 2263 2532 ingentem
2304 2459 2571 2508 conse-

535 2573 540 2580 ·
631 2546 908 2634 q‘uutus
930 2553 1033 2612 est
1057 2540 1243 2610 inter
1261 2563 1425 2610 suos
1457 2539 1747 2638 gloriam
1773 2589 1797 2627 ,
1826 2563 2058 2632 quum
2086 2545 2413 2637 quinque
2444 2569 2565 2618 se-

628 2650 883 2720 stertiis
908 2648 1182 2722 emisset
1203 2647 1467 2741 piscem
1498 2698 1521 2736 ,
1566 2671 1790 2742 quem
1818 2649 2065 2720 Caesar
2092 2651 2511 2723 vendiderat
2528 2705 2557 2742 ‚

627 2775 726 2825 ne
776 2751 1090 2850 Apicius·
1117 2752 1419 2848 quidem
1466 2771 1747 2827 emerat.
1810 2755 2207 2830 Numerare
2258 2770 2553 2832 tantum

629 2863 943 2937 Octavio
965 2862 1108 2936 fnit
1125 2879 1370 2958 turpe:
1411 2886 1578 2935 nam
1606 2866 1727 2936 ille
1743 2915 1767 2952 ‚
1798 2865 1927 2960 qui
1952 2884 2219 2939 emerat
2238 2917 2261 2956 ‚
2304 2885 2391 2940 ut
2412 2869 2551 2940 Ti-

625 2974 830 3046 berio
850 2976 1188 3062 mitteret,
1209 2969 1679 3069 (quamquam
1702 2977 1909 3048 illum
1932 2999 2237 3071 quoque
2255 3001 2551 3071 repren-

625 3078 954 3181 ἀπίτω)
986 3080 1368 3154 admiratus
1410 3101 1515 3154 est
1555 3107 1706 3156 rem
1727 3135 1752 3172 ‚
1802 3089 2263 3180 quaputavit
2294 3087 2549 3159 Caesa-

625 3210 779 3264 rem
805 3192 1130 3290 dignum.
1160 3193 1418 3266 Amico
1444 3219 1651 3294 aegro
1672 3197 1923 3291 aliquis
1940 3197 2248 3286 adsidet3
2276 3197 2546 3294 proba-

623 3325 818 3374 mus:
853 3320 923 3373 at
940 3353 963 3391 ,
989 3303 1138 3376 hoc
1155 3305 1209 3374 si
1233 3305 1640 3381 hereditatis
1662 3331 1863 3381 causa
1888 3307 2091 3400 facit,
2120 3313 2370 3385 vultur
2400 3325 2536 3401 est,

623 3410 916 3508 cadaver
940 3431 1317 3507 exspectat.

601 3599 606 3604 ,
711 3517 974 3591 Eadem
996 3537 1120 3591 aut
1139 3524 1372 3617 turpia
1394 3540 1582 3613 sunt,
1604 3541 1727 3598 aut
1742 3526 2073 3600 honesta:
2098 3527 2334 3616 refert,
2358 3551 2541 3622 qua·

620 3647 724 3713 re,
738 3643 862 3697 aut
880 3629 1500 3721 quemadmodum
1522 3634 1715 3706 fiant.
1744 3635 2014 3710 Omnia
2034 3654 2277 3710 autem
2302 3637 2544 3710 hone-

495 3777 499 3782 ·
618 3747 724 3804 ste
742 3734 946 3826 fient,
969 3739 1030 3808 si
1047 3739 1345 3812 honesto
1368 3765 1499 3813 nos
1522 3742 2027 3834 addixerimus,
2044 3745 2273 3840 idque
2291 3769 2535 3818 unum

569 3923 582 3935 ,
622 3840 702 3914 in
737 3846 946 3920 rebus
991 3847 1319 3922 humanis
1351 3849 1639 3926 bonum
1686 3853 2269 3950 iudicaverimus,
2308 3881 2539 3954 quae·

2441 3966 2456 3994 Ι
