2759 4825
487 450 494 457 ,
610 354 704 437 28
991 348 1076 424 1..
1123 345 1571 425 ANNAm
1618 342 2211 423 sumum·

606 534 942 608 prospero
978 534 1231 598 usum,
1271 532 1409 585 nec
1434 510 1771 588 tuberum
1800 534 1981 600 esse,
2025 532 2161 583 nec
2198 510 2545 585 beatum.-

556 685 568 697 ,
607 622 748 693 Hic
777 644 1078 715 quoque
1105 618 1407 693 fallitur:
1453 636 1805 713 exaequat
1826 623 2023 693 enim
2050 620 2341 695 fortuita
2382 622 2549 691 vir·-

604 730 923 817 tutibus,
977 746 1049 800 et
1087 729 1545 803 tantumdem
1588 730 1841 801 tribuit
1886 729 2238 818 honestis,
2284 752 2547 824 quan-

607 856 764 909 tum
807 831 1174 907 honestaie
1211 836 1631 917 carentibus.
1672 837 1875 943 Quid
1914 854 2158 910 autem
2196 836 2489 908 foedius
2511 888 2543 925 ,

605 946 790 1041 quid
815 944 1176 1044 indignius
1196 996 1219 1032 ‚
1255 970 1479 1040 quam
1505 948 1895 1041 comparari
1924 947 2323 1019 veneranda
2344 970 2548 1019 con-

604 1054 881 1125 temtis.
863 1054 898 1105 Ρ
947 1054 1397 1127 Veneranda
1415 1054 1609 1125 enim
1652 1073 1819 1126 sunt
1839 1106 1864 1143 ,
1910 1053 2175 1153 iustitia
2196 1107 2219 1144 ‚
2257 1056 2485 1149 pietaz
2510 1105 2545 1143 ‚

604 1153 810 1253 fides,
837 1163 1190 1237 fortitudo
1209 1214 1236 1253 ,
1257 1164 1672 1259 prudentia.
1702 1190 1743 1235 e
1768 1146 2121 1236 {ontrario
2143 1164 2306 1237 vilia
2328 1179 2543 1252 sunt,

605 1298 793 1366 quae
836 1298 1041 1367 saepe
1087 1274 1521 1369 contingunt
1567 1274 1886 1367 pleniora
1932 1266 2314 1361 vilissimiS,
2364 1296 2543 1345 crus

604 1380 955 1470 solidum,
997 1397 1070 1453 et
1109 1384 1445 1469 lacertuS,
1492 1399 1564 1453 et
1606 1382 1891 1469 denteS,
1938 1399 2015 1456 et
2054 1384 2316 1455 horum
2340 1383 2547 1452 sani-

607 1505 707 1559 tas
735 1492 1187 1582 firmitasque.
1219 1490 1502 1566 Deinde
1524 1491 1579 1559 si
1599 1490 1906 1583 sapiens,
1940 1491 2060 1561 cui
2084 1514 2547 1585 corpusmo-

597 1600 868 1673 lestum
904 1617 1008 1671 est
1025 1651 1046 1687 ,
1074 1624 1208 1671 nec
1233 1601 1439 1671 miser
1469 1600 1888 1687 habebitur,
1929 1625 2063 1671 nec
2090 1600 2371 1687 beatae,
2398 1598 2542 1669 sed

605 1712 852 1788 medio
895 1713 1383 1805 relinquetur;
1434 1714 1573 1785 vita
1602 1737 1903 1806 quoque
1944 1714 2093 1784 eius
2136 1735 2271 1783 nee
2306 1712 2543 1804 adpes-

605 1821 826 1891 tenda
865 1822 1042 1908 erit,
1089 1844 1224 1891 nec
1271 1820 1628 1919 fugienda.
1678 1820 1889 1923 Quid
1926 1836 2169 1892 autem
2208 1837 2365 1891 tam
2401 1818 2543 1887 ab·

606 1932 905 2003 surdum
927 1984 949 2020 ,
985 1956 1209 2025 quam
1241 1934 1567 2025 sapientis
1600 1933 1821 2003 vitam
1848 1930 2333 2025 adpetendam
2372 1950 2539 1997 non

605 2044 804 2115 esse?
847 2060 972 2115 aut
1011 2042 1191 2135 quid
1233 2058 1382 2113 tam
1420 2049 1616 2115 extra
1654 2042 1917 2129 fidem,
1968 2067 2191 2135 quam
2232 2054 2373 2113 esse
2402 2040 2539 2109 ali-

608 2178 830 2245 quam
871 2154 1090 2225 vitam
1127 2174 1264 2222 nec
1297 2150 1825 2245 adpetendam,
1879 2174 2013 2222 nec
2053 2148 2472 2246 fugiendam
2496 2146 2539 2223 Ξ),

605 2262 930 2349 Deinde,
961 2265 1015 2333 si
1043 2263 1304 2333 damna
1331 2260 1645 2355 corp-oris
1671 2260 2007 2332 miserum
2030 2284 2185 2331 non
2209 2259 2489 2331 faciunt
2507 2306 2539 2346 ,

509 2441 530 2454 ,
607 2373 902 2446 bea-tum
927 2396 1070 2444 esse
1093 2372 1483 2466 patiuntur.
1518 2372 1707 2444 Nam
1731 2371 1999 2466 quibus
2024 2370 2344 2466 potentia
2372 2392 2539 2442 non

608 2498 712 2551 est
751 2481 828 2552 in
875 2481 1194 2574 peiorem
1229 2479 1693 2555 transferendi
1730 2496 2029 2566 statum,
2058 2503 2153 2552 ne
2190 2479 2538 2570 interpel-

603 2589 803 2660 landi
853 2587 1585 2681 quidemoptimum.
1645 2627 1717 2640 -
1772 2583 2181 2684 Frigidum,
2233 2585 2477 2680 inquit
2503 2635 2536 2674 ‚

603 2697 924 2792 aliquid,
955 2716 1030 2770 et
1057 2698 1372 2774 calidum
1398 2698 1763 2786 novimus3
1803 2699 1987 2784 inter
2010 2707 2407 2791 utrumque
2430 2714 2539 2770 te·

602 2805 864 2900 pidum
917 2822 1056 2880 est:
1093 2806 1190 2878 sic
1217 2807 1471 2904 aliquis
1506 2805 1755 2878 beatus
1789 2825 1929 2892 est,
1976 2807 2227 2900 aliquis
2270 2807 2536 2893 misen

603 2916 858 3008 aliquis
881 2935 1016 2986 nec
1041 2915 1289 3002 miser,
1290 2936 1455 2986 nec
1476 2916 1743 2984 beatus·
1790 2953 1863 2968 -
1908 2915 2105 3011 Volo
2124 2915 2317 2986 hanc
2347 2935 2536 2983 con-.-

605 3042 710 3096 tra
744 3051 876 3098 nos
901 3027 1208 3120 positam
1235 3025 1614 3123 imaginem
1646 3041 2001 3096 excutere.
2030 3023 2106 3106 Si
2140 3021 2391 3116 tepido
2420 3023 2533 3092 illi

605 3140 768 3232 plus
801 3137 1084 3236 frigidi
1067 3162 1449 3238 ingessere,
1484 3139 1610 3210 fiet
1642 3138 2015 3234 frigidum3
2052 3139 2118 3207 si
2132 3138 2295 3231 plus
2314 3133 2531 3208 calidi

607 3243 998 3334 adfudero,
1039 3245 1164 3317 fiet
1209 3245 1589 3320 novissime
1630 3245 1965 3318 calidum.
2010 3243 2109 3316 At
2146 3244 2355 3333 huic,
2386 3267 2533 3316 nec

608 3349 864 3422 misero
900 3373 1037 3424 nec
1071 3352 1325 3440 beato,
1363 3353 2041 3446 quantumcumque
2082 3349 2179 3422 ad
2218 3350 2531 3424 miserias

606 3460 978 3548 adiecere,
1007 3461 1216 3534 miser
1231 3484 1386 3532 non
1411 3462 1581 3548 erit,
1612 3459 2237 3558 quemadmodum
2260 3459 2529 3532 dicitis·

481 3560 490 3568 ’
609 3593 775 3670 ergo
815 3570 1050 3670 imago
1082 3571 1210 3648 ista
1247 3569 1597 3643 dissimilis
1636 3586 1757 3642 est.
1803 3569 2091 3644 Deinde
2140 3569 2344 3642 trado
2382 3568 2529 3640 tibi

606 3677 981 3753 hominem
1005 3699 1138 3750 nec
1165 3677 1503 3750 miserum
1528 3701 1661 3750 nec
1693 3679 2020 3752 beatum.
2064 3678 2230 3766 huic
2254 3676 2526 3748 adiicio

609 3787 1016 3862 caecitatem
1029 3841 1053 3880 ,
1105 3813 1262 3863 non
1299 3789 1409 3862 fit
1430 3789 1673 3864 miser·
1650 3840 1677 3880 ,
1724 3787 1980 3868 adiicio
2028 3786 2470 3860 debilitatem
2489 3835 2521 3877 ,
