2759 4825
541 394 1358 472 EPISTOLA
1438 401 1833 476 cxxm.
2008 380 2209 484 ω’

225 569 388 626 esse.
437 555 728 660 Quanta
757 554 1118 630 dementia
1148 575 1284 648 est,
1311 560 1587 632 heredis
1606 562 1715 635 sui
1746 589 1853 638 res
1884 591 2142 660 procu-

221 687 417 750 rare,
451 679 529 732 et
561 663 694 734 sibi
725 687 980 759 negare
1009 668 1286 754 omnia,
1330 684 1414 740 ut
1458 669 1593 740 tibi
1621 696 1713 742 ex
1743 673 1975 748 amico
2008 677 2147 748 ini-

223 774 504 846 micum
531 797 787 872 magna
824 775 1026 850 faciat
1053 779 1445 851 hereditas?
1476 783 1637 874 plus
1652 784 1847 856 enim
1876 787 2146 885 gaude·-

225 885 336 958 bit
351 907 478 958 tua
498 905 756 976 morte,
777 911 930 981 quo
945 892 1106 984 plus
1127 893 1493 984 acceperit.
1517 893 1691 965 Istos
1708 896 1935 970 tristes
1951 916 2023 971 et
2040 925 2147 972 su·

219 997 628 1090 perciliosos
641 1049 664 1084 ‚
685 999 952 1072 alienae
977 1001 1162 1085 vitae
1183 1025 1527 1092 censores,
1548 1027 1715 1076 suae
1731 1009 1993 1100 hostes,
2006 1034 2167 1103 pu-.

220 1108 448 1180 blieos
466 1109 934 1211 paedagogos,
953 1113 1106 1184 assis
1121 1139 1214 1186 ne
1233 1113 1506 1186 feceris!
1530 1137 1663 1185 nec
1686 1115 2155 1210 dubitaveris,

220 1215 494 1290 bonam
512 1217 730 1290 vitam
750 1271 773 1308 ,
795 1243 1014 1314 quam
1039 1223 1458 1316 opinionem
1484 1223 1753 1297 bonam
1771 1275 1796 1313 ,
1826 1231 2070 1302 malle!
2092 1243 2148 1282 ‘⁶

319 1327 480 1398 Hae
508 1351 722 1400 voces
755 1351 904 1400 non
929 1330 1131 1402 aliter
1164 1331 1541 1430 fugiendae
1568 1351 1778 1423 sunt,
1808 1360 2027 1429 quam
2054 1343 2142 1412 il-

219 1437 330 1506 lae
349 1489 373 1524 ,
405 1461 583 1528 quas
620 1437 930 1533 Ulyusos,
965 1438 1094 1508 nisi
1121 1439 1504 1537 adligatus,
1534 1446 1975 1564 praetervehi
2003 1461 2142 1519 n'o··-

223 1542 380 1614 luit.
405 1545 608 1616 Idem
637 1563 968 1665 possunt.
1007 1545 1387 1618 abducunt
1411 1573 1451 1618 a
1476 1550 1697 1670 patria
1714 1575 1805 1637 ,a
1828 1555 2141 1644 parenti·-
2228 1547 2235 1552 ’

222 1649 396 1738 bus,
429 1631 522 1724 ab
551 1651 830 1738 amicis,
855 1677 895 1721 a
923 1651 1346 1743 virtutibus,
1392 1671 1465 1724 et
1496 1655 1571 1724 in
1599 1670 1891 1749 turpem
1914 1659 2137 1732 vitam

221 1763 510 1834 miseros
551 1764 830 1856 turpius
871 1763 1210 1835 inlidunt.
1246 1765 1551 1868 Quanto
1584 1768 1795 1839 satius
1836 1783 1977 1858 est,
2024 1795 2147 1844 re·-

222 1887 422 1942 ctum
473 1873 682 1965 sequi
715 1872 1020 1944 limitem
1042 1921 1066 1959 ,
1113 1886 1186 1942 et
1225 1895 1314 1943 eo
1353 1897 1427 1944 se
1462 1874 1899 1966 perducere,
1938 1896 2025 1950 ut
2054 1903 2139 1952 ea

223 1982 528 2052 demum
561 1981 704 2052 sint
742 1981 878 2052 tibi
919 1967 1280 2068 iucunda,
1317 2005 1505 2075 quae
1534 1984 1881 2058 honesta?
1932 1988 2145 2080 quod

221 2092 514 2186 adsequi
554 2093 948 2186 poterimus
967 2133 1018 2180 ,ι
1037 2093 1093 2164 si
1129 2092 1491 2166 scierimus
1534 2093 1857 2169 duo-esse
1879 2121 2137 2196 gen-era

219 2225 496 2287 rerum,
541 2226 728 2294 quae
765 2225 898 2272 nos
931 2219 1058 2272 aut
1085 2201 1395 2284 invitent
1418 2253 1443 2290 ,
1482 2217 1607 2274 aut
1632 2201 1907 2299 fugent.
1946 2207 2145 2280 Invi-

220 2327 376 2382 tant
411 2309 704 2382 divitiae
723 2361 746 2398 ‚
773 2311 1178 2411 Voluptates
1194 2360 1218 2397 ,
1261 2308 1491 2380 forma
1508 2359 1531 2395 ‚
1574 2310 1913 2400 ambitio,
1948 2329 2145 2386 cete-

220 2448 293 2497 ra
319 2421 586 2495 blanda
621 2440 696 2493 et
731 2420 1166 2491 adridentia:
1208 2418 1407 2517 fugat
1442 2420 1686 2507 labor,
1724 2444 1955 2511 mors,
2002 2424 2143 2495 do-

175 2604 184 2612 ,
223 2536 368 2621 lor,
397 2530 832 2628 ignominia,
875 2520 1104 2601 victus
1135 2527 1550 2599 adstrictior.
1597 2525 1975 2603 Debemus
2006 2530 2141 2603 ita-
2187 2590 2189 2593 ,

222 2666 368 2735 que
397 2640 750 2727 exerceri,
797 2662 892 2709 ne
922 2640 1096 2709 haec
1137 2640 1557 2728 timeamus,
1602 2662 1703 2711 ne
1736 2641 1853 2711 illa
1893 2643 2143 2735 cupia-

222 2778 402 2825 mus.
427 2754 516 2823 In
541 2749 974 2823 contrarium
1000 2772 1445 2847 pugnemus»,
1466 2765 1538 2818 et
1562 2748 1653 2817 ab
1678 2749 2143 2847 invitantibus

221 2863 631 2959 recedamus
649 2912 676 2949 ,
713 2858 1048 2931 adversus
1082 2856 1403 2951 petentia
1426 2857 1905 2945 concitemur}
1958 2858 2036 2929 N
2038 2884 2139 2931 on

223 2974 458 3063 viden
497 2996 720 3066 quam
745 2972 1060 3041 diversus
1099 2968 1186 3039 sit
1214 2966 1826 3039 descendentium
1846 2966 2139 3040 habitus

225 3100 295 3158 et
311 3081 900 3155 adscendentium
918 3080 952 3150 Ρ
975 3078 1108 3171 qui
1131 3101 1259 3171 per
1275 3100 1591 3171 pronum
1620 3092 1837 3162 eunt,
1868 3078 2147 3171 resupi-

221 3212 395 3271 nant
413 3219 712 3289 corpora
732 3219 754 3280 3
779 3193 909 3286 qui
933 3193 1008 3263 in
1027 3190 1337 3263 arduu'rn
1361 3238 1385 3279 ,
1416 3187 1872 3259 incumbunt.
1900 3188 2087 3260 Nam
2110 3236 2135 3275 ,

223 3306 272 3377 si
289 3304 703 3391 descendas,
727 3302 1016 3398 pondus
1039 3305 1252 3373 suum
1280 3299 1355 3368 in
1373 3299 1683 3393 priorem
1708 3313 1984 3390 partem
2012 3296 2141 3369 da-

223 3442 326 3505 re3
347 3419 404 3489 si
427 3416 838 3500 miscendas,
863 3431 1050 3485 retro
1065 3410 1455 3494 abducere;
1480 3432 1647 3479 cum
1665 3407 1862 3492 vitio,
1882 3402 2138 3492 Lucili,

224 3526 619 3599 consentire
641 3542 764 3596 est.
785 3524 870 3592 In
892 3522 1292 3613 voluptates
1311 3515 1799 3597 descenditur3
1827 3514 1905 3600 in
1930 3536 2135 3617 aspe-

224 3661 296 3707 ra
315 3652 387 3709 et
411 3636 588 3709 dura
617 3631 1088 3711 subeundum
1115 3645 1254 3701 est.
1237 3658 1252 3673 ·
1285 3628 1400 3699 hic
1426 3624 1853 3724 inpellamus
1871 3646 2135 3721 corpo-

223 3770 334 3835 ra,
359 3747 506 3821 illic
526 3743 986 3817 refrenemus.

311 3856 482 3929 Hoc
537 3875 736 3929 nunc
776 3873 900 3925 me
941 3846 1292 3922 existimas
1345 3844 1581 3921 dicere
1604 3889 1635 3935 ,
1674 3863 1801 3920 eos
1842 3854 2130 3918 tantum
