2759 4825
574 346 1775 475 eplsToLA‘cvm.
1992 429 2129 516 ¹39

189 562 450 665 Quare
483 563 728 660 optima
746 563 795 630 θ’
821 560 1030 654 quia,
1078 562 1286 654 quod
1322 578 1567 649 restat,
1615 561 1965 636 incertum
1996 580 2121 640 est.

196 669 458 772 Quare
505 671 812 766 optima?
856 667 1026 761 quia
1061 668 1352 740 iuvenes
1394 693 1765 763 possumus
1802 669 2068 744 discere
2099 720 2127 759 ,

194 801 581 870 possumus
604 776 883 848 facilem
914 776 1238 848 animum
1259 827 1280 864 ,
1309 797 1385 846 et
1403 777 1637 847 adhuc
1658 777 2123 866 tractabilem,

195 885 290 954 ad
317 883 623 958 meliora
642 903 1088 971 convertere;
1115 887 1284 979 quia
1309 887 1444 957 hoc
1461 904 1753 980 tempus
1773 887 2123 960 idoneum

198 1007 301 1063 est
339 994 751 1083 laboribus,
802 995 1149 1094 idoneum
1191 994 1531 1092 agitandis
1572 1021 1697 1090 pet
1742 997 1971 1090 svdia
2012 996 2129 1068 in-

197 1103 424 1199 geniis
440 1157 460 1193 ,
487 1123 564 1176 et
595 1107 1001 1176 exercendis
1025 1129 1154 1200 per
1177 1131 1393 1200 opera
1416 1107 1857 1200 corporibus.
1888 1106 2124 1210 Quod

199 1228 520 1305 superest
541 1263 562 1300 ,
613 1215 890 1313 segnius
931 1233 1006 1286 et
1041 1215 1441 1312 languidius
1464 1233 1605 1301 est,
1654 1232 1727 1288 et
1760 1217 2055 1310 propius
2082 1241 2123 1287 a

4 1383 9 1418 s
200 1319 368 1390 fine.
423 1321 682 1412 Itaque
723 1339 880 1392 toto
924 1323 1062 1392 hoc
1103 1343 1387 1418 agamus
1431 1323 1709 1407 anim0,
1747 1339 1819 1392 et
1862 1323 2127 1408 omissis
2230 1332 2240 1343 ”

205 1431 300 1500 ad
329 1455 510 1523 quae
555 1431 1034 1516 devertimur,
1084 1434 1160 1502 in
1208 1456 1358 1503 rem
1412 1457 1633 1504 unam
1676 1432 2121 1520 laboremus,

204 1565 300 1612 ne
323 1542 510 1614 hanc
539 1542 880 1634 temporis
909 1541 1362 1634 pernicissimi
1388 1545 1817 1613 celeritatem
1842 1593 1863 1628 ,
1894 1567 2119 1633 quam

203 1650 504 1722 retinere
533 1676 685 1724 non
717 1675 1129 1744 possumus,
1173 1653 1399 1723 relicti
1430 1652 1727 1720 demum
1770 1651 2121 1744 intelliga-

204 1786 379 1832 mus.
407 1762 688 1835 Primus
709 1747 1054 1855 quisque,
1079 1761 1449 1856 tamquam
1472 1765 1775 1860 optimus,
1807 1761 1953 1832 dies
1972 1762 2123 1852 pla·

209 1887 400 1957 cent,
448 1886 526 1941 et
555 1869 916 1968 redigatur
951 1870 1025 1940 in
1066 1885 1413 1941 nostrum.
1456 1869 1689 1972 Quod
1728 1867 1955 1964 fugit,
1996 1890 2123 1939 oc·-

105 2011 118 2028 ·‘
206 1983 620 2075 cupandum
648 1999 772 2052 est.
817 1982 978 2052 Hoc
1019 2005 1170 2052 non
1213 1981 1477 2078 cogitat
1504 1981 1668 2065 ille,
1704 1979 1846 2071 qui.
1865 1978 2120 2050 Gram-

205 2091 442 2164 matici
489 2093 714 2164 oculis
759 2115 1041 2162 carmen
1089 2089 1280 2160 istud
1327 2091 1539 2187 legit,
1588 2089 1759 2160 ideo
1808 2092 2117 2186 optimum

203 2223 500 2299 quemque
535 2205 816 2299 primum
860 2228 988 2272 esse
1028 2203 1230 2276 diem,
1280 2202 1448 2293 quia
1488 2187 1801 2271 subeunt
1829 2199 2114 2283 morbi,

208 2313 718 2404 quiasenectus
739 2310 998 2404 premit
1018 2362 1041 2397 ‚
1077 2329 1147 2382 et
1173 2310 1409 2381 adhuc
1424 2306 1969 2376 adolescentiam
1982 2328 2113 2394 ‚co-

205 2422 586 2518 gitantibus
601 2446 808 2515 supra
829 2412 1044 2513 capu't
1063 2437 1164 2491 est
1183 2450 1198 2489 ε
1241 2419 1364 2490 sed
1384 2419 1501 2505 ait,
1533 2416 1909 2511 Virgilium
1934 2438 2117 2489 sem-

205 2554 322 2625 per
349 2555 491 2603 una
519 2553 790 2625 ponere
815 2530 1060 2601 morbos
1086 2546 1150 2598 et
1173 2545 1575 2599 senectutem.
1609 2525 1807 2610 Non,
1836 2521 2115 2593 meher-

209 2640 430 2723 cules,
471 2637 847 2722 inmerit03
888 2653 1210 2708 senectus
1251 2634 1443 2707 enim
1488 2631 1885 2706 insanabilis
1920 2654 2115 2701 mor-

207 2746 330 2817 bus
357 2764 481 2818 est.
533 2750 926 2832 Praeterea,
957 2747 1240 2838 inquit,
1271 2744 1411 2815 hoc
1450 2742 1798 2813 senectuti
1837 2764 2111 2839 cogno»-

207 2879 370 2925 men
391 2854 666 2947 posuit,
705 2858 952 2927 tristem
982 2854 1172 2923 illam
1211 2867 1460 2921 vocat:

309 3003 384 3021 --
427 2986 496 3019 -³·
521 2967 794 3035 subeunt
815 2965 1050 3038 morbi.
1091 2966 1306 3033 tris-t
1327 2963 1513 3056 isque
1552 2976 1857 3029 senectus-

295 3076 613 3147 Non-est
658 3075 859 3167 quod
895 3074 1196 3160 mireris,
1247 3096 1338 3141 ex
1363 3070 1613 3141 eadem
1651 3069 1937 3141 materia
1970 3070 2109 3143 suis

210 3208 574 3278 quemque
608 3185 854 3256 studiis
891 3201 1054 3277 apta
1089 3181 1463 3277 conligere.
1498 3178 1589 3248 In
1616 3178 1871 3249 eodem
1900 3198 2107 3276 prato

208 3294 332 3366 bos
372 3298 666 3367 herbam
711 3296 1023 3389 quaerit,
1074 3293 1611 3387 caniseleporem
1629 3344 1651 3381 ,
1694 3294 1963 3365 ciconia
2006 3296 2109 3365 la·-

205 3424 496 3479 certum.
559 3410 822 3511 Quum
873 3407 1308 3477 CICERO-ms
1362 3405 1581 3475 libros
1626 3405 1701 3475 de
1755 3407 2105 3503 Republica

2 3534 15 3670 Ι
200 3518 488 3609 prendit
515 3518 678 3587 hinc
722 3518 1126 3613 Philologus
1153 3517 1447 3609 aliquis,
1474 3518 1641 3589 hinc
1676 3516 2105 3587 Grammati-

201 3650 353 3716 ωε,
391 3630 561 3699 hinc
593 3628 1086 3721 Philosophiae
1125 3627 1449 3711 deditus3
1494 3627 1668 3696 alius
1692 3626 1831 3697 alio
1858 3650 2102 3699 cutam

202 3760 391 3809 suam
421 3740 666 3810 mittit.
696 3741 1168 3831 Philosophus
1186 3740 1579 3809 'admiratur
1602 3788 1625 3823 ‚
1658 3755 1883 3809 contra
1906 3739 2107 3809 Iusti·

2 3930 4 3933 y
205 3850 360 3919 tiam
383 3850 518 3921 dici
544 3838 680 3923 τάπὶ
706 3851 920 3922 multa
939 3848 1268 3949 potuisse.
1295 3849 1553 3953 Quum
1571 3846 1665 3922 ad
1696 3848 1877 3919 hanc
1913 3872 2106 3919 eam·

2 4036 9 4221 ⁸
