<?xml version="1.0" encoding="UTF-8"?>
<!DOCTYPE html PUBLIC "-//W3C//DTD XHTML 1.0 Transitional//EN"
    "http://www.w3.org/TR/xhtml1/DTD/xhtml1-transitional.dtd">
<html xmlns="http://www.w3.org/1999/xhtml" xml:lang="en" lang="en">
 <head>
  <title>
</title>
<meta http-equiv="Content-Type" content="text/html;charset=utf-8" />
  <meta name='ocr-system' content='tesseract 3.04.00' />
  <meta name='ocr-capabilities' content='ocr_page ocr_carea ocr_par ocr_line ocrx_word'/>
</head>
<body>
  <div class='ocr_page' id='page_1' title='image "./lannaeisenecaea00bipogoog_0069.png"; bbox 0 0 2759 4825; ppageno 0'>
   <div class='ocr_carea' id='block_1_1' title="bbox 588 414 2119 507">
    <p class='ocr_par' dir='ltr' id='par_1_1' title="bbox 588 414 2119 507">
     <span class='ocr_line' id='line_1_1' title="bbox 588 414 2119 507; baseline 0.012 -17"><span class='ocrx_word' id='word_1_1' title='bbox 588 414 1735 501; x_wconf 76' lang='lat' dir='ltr'><strong>EPISTOLAXCV.</strong></span> <span class='ocrx_word' id='word_1_2' title='bbox 2032 436 2119 507; x_wconf 84' lang='lat'>61</span> 
     </span>
    </p>
   </div>
   <div class='ocr_carea' id='block_1_2' title="bbox 197 583 2122 800">
    <p class='ocr_par' dir='ltr' id='par_1_2' title="bbox 197 583 2122 800">
     <span class='ocr_line' id='line_1_2' title="bbox 199 583 2122 687; baseline 0.007 -32"><span class='ocrx_word' id='word_1_3' title='bbox 199 596 278 655; x_wconf 87' lang='lat' dir='ltr'>et</span> <span class='ocrx_word' id='word_1_4' title='bbox 317 583 780 655; x_wconf 78' lang='lat' dir='ltr'>miserabilior</span> <span class='ocrx_word' id='word_1_5' title='bbox 821 608 910 656; x_wconf 83' lang='lat' dir='ltr'>ex</span> <span class='ocrx_word' id='word_1_6' title='bbox 955 586 1468 679; x_wconf 82' lang='lat' dir='ltr'>cruditatibus,</span> <span class='ocrx_word' id='word_1_7' title='bbox 1512 614 1733 683; x_wconf 87' lang='lat' dir='ltr'>quarn</span> <span class='ocrx_word' id='word_1_8' title='bbox 1762 616 1855 665; x_wconf 85' lang='lat' dir='ltr'>ex</span> <span class='ocrx_word' id='word_1_9' title='bbox 1887 594 2075 669; x_wconf 87' lang='lat' dir='ltr'>farne</span> <span class='ocrx_word' id='word_1_10' title='bbox 2098 650 2122 687; x_wconf 92' lang='lat'>,</span> 
     </span>
     <span class='ocr_line' id='line_1_3' title="bbox 197 692 2120 800; baseline 0.006 -34"><span class='ocrx_word' id='word_1_11' title='bbox 197 693 494 780; x_wconf 83' lang='lat' dir='ltr'>macies;</span> <span class='ocrx_word' id='word_1_12' title='bbox 527 694 702 765; x_wconf 90' lang='lat' dir='ltr'>inde</span> <span class='ocrx_word' id='word_1_13' title='bbox 725 696 976 767; x_wconf 84' lang='lat' dir='ltr'><strong>incerti</strong></span> <span class='ocrx_word' id='word_1_14' title='bbox 1008 697 1421 769; x_wconf 76' lang='lat' dir='ltr'>labantium·</span> <span class='ocrx_word' id='word_1_15' title='bbox 1434 699 1697 792; x_wconf 86' lang='lat' dir='ltr'>pedes,</span> <span class='ocrx_word' id='word_1_16' title='bbox 1728 716 1802 773; x_wconf 89' lang='lat' dir='ltr'>et</span> <span class='ocrx_word' id='word_1_17' title='bbox 1823 692 2120 800; x_wconf 79' lang='lat' dir='ltr'>semper,</span> 
     </span>
    </p>
   </div>
   <div class='ocr_carea' id='block_1_3' title="bbox 196 803 2245 897">
    <p class='ocr_par' dir='ltr' id='par_1_3' title="bbox 196 803 2245 897">
     <span class='ocr_line' id='line_1_4' title="bbox 196 803 2245 897; baseline 0.01 -25"><span class='ocrx_word' id='word_1_18' title='bbox 196 803 418 897; x_wconf 84' lang='lat' dir='ltr'>qualis</span> <span class='ocrx_word' id='word_1_19' title='bbox 467 805 545 875; x_wconf 92' lang='lat' dir='ltr'>in</span> <span class='ocrx_word' id='word_1_20' title='bbox 582 803 727 897; x_wconf 88' lang='lat' dir='ltr'>ipsa</span> <span class='ocrx_word' id='word_1_21' title='bbox 759 806 1140 895; x_wconf 85' lang='lat' dir='ltr'>ebrietate,</span> <span class='ocrx_word' id='word_1_22' title='bbox 1169 807 1551 897; x_wconf 85' lang='lat' dir='ltr'>titubati03</span> <span class='ocrx_word' id='word_1_23' title='bbox 1593 812 1761 884; x_wconf 89' lang='lat' dir='ltr'>inde</span> <span class='ocrx_word' id='word_1_24' title='bbox 1784 815 1857 883; x_wconf 90' lang='lat' dir='ltr'>in</span> <span class='ocrx_word' id='word_1_25' title='bbox 1891 820 2119 893; x_wconf 80' lang='lat' dir='ltr'>totam</span> <span class='ocrx_word' id='word_1_26' title='bbox 2201 838 2207 844; x_wconf 82' lang='lat'><strong>·</strong></span> <span class='ocrx_word' id='word_1_27' title='bbox 2240 808 2245 819; x_wconf 51' lang='lat'>⁸</span> 
     </span>
    </p>
   </div>
   <div class='ocr_carea' id='block_1_4' title="bbox 32 914 2199 3980">
    <p class='ocr_par' dir='ltr' id='par_1_4' title="bbox 125 914 2117 1350">
     <span class='ocr_line' id='line_1_5' title="bbox 125 914 2117 1016; baseline 0.007 -30"><span class='ocrx_word' id='word_1_28' title='bbox 125 1004 134 1013; x_wconf 27' lang='grc' dir='ltr'>ι</span> <span class='ocrx_word' id='word_1_29' title='bbox 193 930 432 987; x_wconf 85' lang='lat' dir='ltr'>cutem</span> <span class='ocrx_word' id='word_1_30' title='bbox 491 914 760 987; x_wconf 88' lang='lat' dir='ltr'>humor</span> <span class='ocrx_word' id='word_1_31' title='bbox 799 916 1162 989; x_wconf 84' lang='lat' dir='ltr'>-admissus</span> <span class='ocrx_word' id='word_1_32' title='bbox 1188 970 1211 1008; x_wconf 91' lang='lat'>,</span> <span class='ocrx_word' id='word_1_33' title='bbox 1273 919 1769 1016; x_wconf 77' lang='lat' dir='ltr'>distentusque</span> <span class='ocrx_word' id='word_1_34' title='bbox 1817 942 2066 999; x_wconf 84' lang='lat' dir='ltr'>venter</span> <span class='ocrx_word' id='word_1_35' title='bbox 2088 978 2117 1016; x_wconf 86' lang='lat'>,</span> 
     </span>
     <span class='ocr_line' id='line_1_6' title="bbox 195 1024 2111 1128; baseline 0.006 -31"><span class='ocrx_word' id='word_1_36' title='bbox 195 1026 366 1099; x_wconf 88' lang='lat' dir='ltr'>dum</span> <span class='ocrx_word' id='word_1_37' title='bbox 393 1028 592 1098; x_wconf 87' lang='lat' dir='ltr'>male</span> <span class='ocrx_word' id='word_1_38' title='bbox 633 1028 980 1101; x_wconf 75' lang='lat' dir='ltr'>adsuescit</span> <span class='ocrx_word' id='word_1_39' title='bbox 1003 1030 1166 1123; x_wconf 89' lang='lat' dir='ltr'>plus</span> <span class='ocrx_word' id='word_1_40' title='bbox 1183 1024 1457 1125; x_wconf 56' lang='lat' dir='ltr'>capere</span> <span class='ocrx_word' id='word_1_41' title='bbox 1475 1083 1499 1119; x_wconf 90' lang='lat'>,</span> <span class='ocrx_word' id='word_1_42' title='bbox 1541 1056 1762 1126; x_wconf 85' lang='lat' dir='ltr'>quarn</span> <span class='ocrx_word' id='word_1_43' title='bbox 1799 1053 2111 1128; x_wconf 84' lang='lat' dir='ltr'>poterat3</span> 
     </span>
     <span class='ocr_line' id='line_1_7' title="bbox 197 1134 2117 1233; baseline 0.007 -28"><span class='ocrx_word' id='word_1_44' title='bbox 197 1134 364 1205; x_wconf 89' lang='lat' dir='ltr'>inde</span> <span class='ocrx_word' id='word_1_45' title='bbox 392 1134 724 1207; x_wconf 86' lang='lat' dir='ltr'>subfusio</span> <span class='ocrx_word' id='word_1_46' title='bbox 752 1136 1020 1207; x_wconf 85' lang='lat' dir='ltr'>luridae</span> <span class='ocrx_word' id='word_1_47' title='bbox 1050 1136 1244 1225; x_wconf 84' lang='lat' dir='ltr'>bilis,</span> <span class='ocrx_word' id='word_1_48' title='bbox 1277 1154 1349 1209; x_wconf 90' lang='lat' dir='ltr'>et</span> <span class='ocrx_word' id='word_1_49' title='bbox 1384 1139 1679 1212; x_wconf 87' lang='lat' dir='ltr'>decolor</span> <span class='ocrx_word' id='word_1_50' title='bbox 1701 1145 1985 1233; x_wconf 87' lang='lat' dir='ltr'>vultus,</span> <span class='ocrx_word' id='word_1_51' title='bbox 2014 1161 2117 1218; x_wconf 87' lang='lat' dir='ltr'>ta-</span> 
     </span>
     <span class='ocr_line' id='line_1_8' title="bbox 197 1242 2116 1350; baseline 0.006 -35"><span class='ocrx_word' id='word_1_52' title='bbox 197 1244 462 1335; x_wconf 87' lang='lat' dir='ltr'>besque</span> <span class='ocrx_word' id='word_1_53' title='bbox 487 1242 568 1313; x_wconf 87' lang='lat' dir='ltr'>in</span> <span class='ocrx_word' id='word_1_54' title='bbox 595 1268 672 1315; x_wconf 89' lang='lat' dir='ltr'>se</span> <span class='ocrx_word' id='word_1_55' title='bbox 697 1245 1256 1338; x_wconf 79' lang='lat' dir='ltr'>putrescentium</span> <span class='ocrx_word' id='word_1_56' title='bbox 1277 1296 1299 1332; x_wconf 91' lang='lat'>,</span> <span class='ocrx_word' id='word_1_57' title='bbox 1335 1262 1409 1318; x_wconf 84' lang='lat' dir='ltr'>et</span> <span class='ocrx_word' id='word_1_58' title='bbox 1428 1249 1757 1320; x_wconf 78' lang='lat' dir='ltr'>retorridi</span> <span class='ocrx_word' id='word_1_59' title='bbox 1784 1252 1987 1350; x_wconf 85' lang='lat' dir='ltr'>digiti</span> <span class='ocrx_word' id='word_1_60' title='bbox 2012 1279 2116 1326; x_wconf 87' lang='lat' dir='ltr'>ar-</span> 
     </span>
    </p>

    <p class='ocr_par' dir='ltr' id='par_1_5' title="bbox 83 1354 2199 3863">
     <span class='ocr_line' id='line_1_9' title="bbox 83 1354 2113 1452; baseline 0.006 -29"><span class='ocrx_word' id='word_1_61' title='bbox 83 1382 98 1393; x_wconf 50' lang='lat'><strong>*</strong></span> <span class='ocrx_word' id='word_1_62' title='bbox 199 1355 420 1425; x_wconf 71' lang='lat' dir='ltr'>riculis</span> <span class='ocrx_word' id='word_1_63' title='bbox 465 1354 1114 1451; x_wconf 75' lang='lat' dir='ltr'>obrigescentibus,</span> <span class='ocrx_word' id='word_1_64' title='bbox 1151 1380 1691 1452; x_wconf 85' lang='lat' dir='ltr'>nervorumque</span> <span class='ocrx_word' id='word_1_65' title='bbox 1734 1361 1884 1432; x_wconf 89' lang='lat' dir='ltr'>sine</span> <span class='ocrx_word' id='word_1_66' title='bbox 1906 1388 2113 1437; x_wconf 83' lang='lat' dir='ltr'>sensu</span> 
     </span>
     <span class='ocr_line' id='line_1_10' title="bbox 207 1464 2117 1567; baseline 0.004 -32"><span class='ocrx_word' id='word_1_67' title='bbox 207 1464 578 1537; x_wconf 84' lang='lat' dir='ltr'>iacentium</span> <span class='ocrx_word' id='word_1_68' title='bbox 611 1481 897 1558; x_wconf 89' lang='lat' dir='ltr'>torpor,</span> <span class='ocrx_word' id='word_1_69' title='bbox 941 1480 1065 1534; x_wconf 88' lang='lat' dir='ltr'>aut</span> <span class='ocrx_word' id='word_1_70' title='bbox 1102 1467 1477 1559; x_wconf 84' lang='lat' dir='ltr'>palpitatio</span> <span class='ocrx_word' id='word_1_71' title='bbox 1522 1470 1997 1567; x_wconf 87' lang='lat' dir='ltr'>[corporum]</span> <span class='ocrx_word' id='word_1_72' title='bbox 2030 1474 2117 1543; x_wconf 89' lang='lat' dir='ltr'>si·</span> 
     </span>
     <span class='ocr_line' id='line_1_11' title="bbox 198 1574 2111 1684; baseline 0.005 -37"><span class='ocrx_word' id='word_1_73' title='bbox 198 1598 290 1647; x_wconf 83' lang='lat' dir='ltr'>ne</span> <span class='ocrx_word' id='word_1_74' title='bbox 321 1574 840 1646; x_wconf 81' lang='lat' dir='ltr'>intermissione</span> <span class='ocrx_word' id='word_1_75' title='bbox 875 1575 1336 1647; x_wconf 79' lang='lat' dir='ltr'>vibrantium.</span> <span class='ocrx_word' id='word_1_76' title='bbox 1365 1578 1598 1684; x_wconf 77' lang='lat' dir='ltr'>·Quid</span> <span class='ocrx_word' id='word_1_77' title='bbox 1626 1582 1871 1675; x_wconf 87' lang='lat' dir='ltr'>capitis</span> <span class='ocrx_word' id='word_1_78' title='bbox 1898 1585 2111 1657; x_wconf 82' lang='lat' dir='ltr'>verti-</span> 
     </span>
     <span class='ocr_line' id='line_1_12' title="bbox 196 1682 2111 1782; baseline 0.006 -29"><span class='ocrx_word' id='word_1_79' title='bbox 196 1686 374 1782; x_wconf 77' lang='lat' dir='ltr'>gines</span> <span class='ocrx_word' id='word_1_80' title='bbox 405 1683 646 1753; x_wconf 86' lang='lat' dir='ltr'>dicam</span> <span class='ocrx_word' id='word_1_81' title='bbox 668 1684 702 1753; x_wconf 69' lang='lat' dir='ltr'><strong>P</strong></span> <span class='ocrx_word' id='word_1_82' title='bbox 729 1682 909 1776; x_wconf 88' lang='lat' dir='ltr'>quid</span> <span class='ocrx_word' id='word_1_83' title='bbox 931 1686 1309 1755; x_wconf 89' lang='lat' dir='ltr'>oculorum</span> <span class='ocrx_word' id='word_1_84' title='bbox 1339 1690 1773 1782; x_wconf 80' lang='lat' dir='ltr'>auriumque</span> <span class='ocrx_word' id='word_1_85' title='bbox 1792 1708 2111 1765; x_wconf 88' lang='lat' dir='ltr'>tormen·</span> 
     </span>
     <span class='ocr_line' id='line_1_13' title="bbox 199 1793 2113 1885; baseline 0.004 -19"><span class='ocrx_word' id='word_1_86' title='bbox 199 1811 263 1866; x_wconf 90' lang='lat' dir='ltr'>ta</span> <span class='ocrx_word' id='word_1_87' title='bbox 281 1846 304 1883; x_wconf 91' lang='lat'>,</span> <span class='ocrx_word' id='word_1_88' title='bbox 331 1810 404 1865; x_wconf 87' lang='lat' dir='ltr'>et</span> <span class='ocrx_word' id='word_1_89' title='bbox 430 1793 707 1866; x_wconf 87' lang='lat' dir='ltr'>cerebri</span> <span class='ocrx_word' id='word_1_90' title='bbox 743 1794 1210 1875; x_wconf 74' lang='lat' dir='ltr'>exaestuantis</span> <span class='ocrx_word' id='word_1_91' title='bbox 1233 1796 1817 1885; x_wconf 80' lang='lat' dir='ltr'>verminationes3</span> <span class='ocrx_word' id='word_1_92' title='bbox 1856 1816 1927 1871; x_wconf 87' lang='lat' dir='ltr'>et</span> <span class='ocrx_word' id='word_1_93' title='bbox 1953 1826 2113 1874; x_wconf 88' lang='lat' dir='ltr'>om-</span> 
     </span>
     <span class='ocr_line' id='line_1_14' title="bbox 196 1902 2113 1999; baseline 0.005 -23"><span class='ocrx_word' id='word_1_94' title='bbox 196 1907 309 1976; x_wconf 87' lang='lat' dir='ltr'>nia</span> <span class='ocrx_word' id='word_1_95' title='bbox 331 1958 352 1991; x_wconf 90' lang='lat'>,</span> <span class='ocrx_word' id='word_1_96' title='bbox 374 1930 504 1999; x_wconf 88' lang='lat' dir='ltr'>per</span> <span class='ocrx_word' id='word_1_97' title='bbox 527 1930 720 1999; x_wconf 87' lang='lat' dir='ltr'>quae</span> <span class='ocrx_word' id='word_1_98' title='bbox 747 1926 1252 1995; x_wconf 81' lang='lat' dir='ltr'>exoneramur,</span> <span class='ocrx_word' id='word_1_99' title='bbox 1287 1902 1577 1979; x_wconf 76' lang='lat' dir='ltr'>internis</span> <span class='ocrx_word' id='word_1_100' title='bbox 1610 1910 1965 1982; x_wconf 81' lang='lat' dir='ltr'>ulceribus</span> <span class='ocrx_word' id='word_1_101' title='bbox 1986 1913 2113 1984; x_wconf 90' lang='lat' dir='ltr'>ad-</span> 
     </span>
     <span class='ocr_line' id='line_1_15' title="bbox 199 2014 2109 2116; baseline 0.003 -30"><span class='ocrx_word' id='word_1_102' title='bbox 199 2015 418 2086; x_wconf 74' lang='lat' dir='ltr'>fecta?</span> <span class='ocrx_word' id='word_1_103' title='bbox 459 2014 1003 2086; x_wconf 83' lang='lat' dir='ltr'>innumerabilia</span> <span class='ocrx_word' id='word_1_104' title='bbox 1051 2030 1411 2108; x_wconf 82' lang='lat' dir='ltr'>praeterea</span> <span class='ocrx_word' id='word_1_105' title='bbox 1456 2014 1767 2089; x_wconf 83' lang='lat' dir='ltr'>febrium</span> <span class='ocrx_word' id='word_1_106' title='bbox 1812 2042 2109 2116; x_wconf 89' lang='lat' dir='ltr'>genera,</span> 
     </span>
     <span class='ocr_line' id='line_1_16' title="bbox 200 2121 2110 2223; baseline 0.004 -26"><span class='ocrx_word' id='word_1_107' title='bbox 200 2128 479 2197; x_wconf 88' lang='lat' dir='ltr'>aliarum</span> <span class='ocrx_word' id='word_1_108' title='bbox 503 2126 788 2217; x_wconf 88' lang='lat' dir='ltr'>impetu</span> <span class='ocrx_word' id='word_1_109' title='bbox 811 2124 1277 2195; x_wconf 87' lang='lat' dir='ltr'>saevientium</span> <span class='ocrx_word' id='word_1_110' title='bbox 1295 2175 1319 2212; x_wconf 94' lang='lat'>,</span> <span class='ocrx_word' id='word_1_111' title='bbox 1359 2124 1651 2195; x_wconf 87' lang='lat' dir='ltr'>aliarum</span> <span class='ocrx_word' id='word_1_112' title='bbox 1680 2121 1885 2199; x_wconf 79' lang='lat' dir='ltr'>tenui</span> <span class='ocrx_word' id='word_1_113' title='bbox 1910 2148 2110 2223; x_wconf 86' lang='lat' dir='ltr'>peste</span> 
     </span>
     <span class='ocr_line' id='line_1_17' title="bbox 197 2227 2141 2328; baseline 0.003 -23"><span class='ocrx_word' id='word_1_114' title='bbox 197 2230 596 2328; x_wconf 76' lang='lat' dir='ltr'>repentium</span> <span class='ocrx_word' id='word_1_115' title='bbox 618 2284 641 2321; x_wconf 92' lang='lat'>,</span> <span class='ocrx_word' id='word_1_116' title='bbox 688 2233 978 2302; x_wconf 84' lang='lat' dir='ltr'>aliarum</span> <span class='ocrx_word' id='word_1_117' title='bbox 1011 2256 1176 2303; x_wconf 87' lang='lat' dir='ltr'>curn</span> <span class='ocrx_word' id='word_1_118' title='bbox 1204 2232 1497 2303; x_wconf 77' lang='lat' dir='ltr'>horrore</span> <span class='ocrx_word' id='word_1_119' title='bbox 1524 2250 1597 2303; x_wconf 89' lang='lat' dir='ltr'>et</span> <span class='ocrx_word' id='word_1_120' title='bbox 1623 2236 1851 2307; x_wconf 87' lang='lat' dir='ltr'>multa</span> <span class='ocrx_word' id='word_1_121' title='bbox 1875 2227 2141 2327; x_wconf 41' lang='lat' dir='ltr'>mem-2</span> 
     </span>
     <span class='ocr_line' id='line_1_18' title="bbox 197 2340 2101 2446; baseline 0.001 -29"><span class='ocrx_word' id='word_1_122' title='bbox 197 2346 478 2418; x_wconf 78' lang='lat' dir='ltr'>brorum</span> <span class='ocrx_word' id='word_1_123' title='bbox 525 2341 974 2436; x_wconf 77' lang='lat' dir='ltr'>quassatione</span> <span class='ocrx_word' id='word_1_124' title='bbox 1009 2340 1457 2411; x_wconf 82' lang='lat' dir='ltr'>venientium</span> <span class='ocrx_word' id='word_1_125' title='bbox 1482 2341 1515 2409; x_wconf 71' lang='grc' dir='ltr'>Ρ</span> <span class='ocrx_word' id='word_1_126' title='bbox 1561 2343 1779 2446; x_wconf 59' lang='lat' dir='ltr'>Quid*</span> <span class='ocrx_word' id='word_1_127' title='bbox 1804 2346 1975 2418; x_wconf 83' lang='lat' dir='ltr'>alios</span> <span class='ocrx_word' id='word_1_128' title='bbox 1997 2370 2101 2419; x_wconf 85' lang='lat' dir='ltr'>re-</span> 
     </span>
     <span class='ocr_line' id='line_1_19' title="bbox 196 2450 2101 2546; baseline 0.003 -22"><span class='ocrx_word' id='word_1_129' title='bbox 196 2453 392 2524; x_wconf 82' lang='lat' dir='ltr'>feram</span> <span class='ocrx_word' id='word_1_130' title='bbox 417 2452 978 2522; x_wconf 82' lang='lat' dir='ltr'>innumerabiles</span> <span class='ocrx_word' id='word_1_131' title='bbox 1001 2450 1292 2546; x_wconf 83' lang='lat' dir='ltr'>morbos</span> <span class='ocrx_word' id='word_1_132' title='bbox 1312 2503 1336 2539; x_wconf 99' lang='lat'>,</span> <span class='ocrx_word' id='word_1_133' title='bbox 1363 2451 1704 2546; x_wconf 83' lang='lat' dir='ltr'>supplicia</span> <span class='ocrx_word' id='word_1_134' title='bbox 1731 2456 2101 2530; x_wconf 80' lang='lat' dir='ltr'>luxuriae?</span> 
     </span>
     <span class='ocr_line' id='line_1_20' title="bbox 199 2561 2107 2654; baseline 0.002 -20"><span class='ocrx_word' id='word_1_135' title='bbox 199 2566 526 2636; x_wconf 87' lang='lat' dir='ltr'>Inmunes</span> <span class='ocrx_word' id='word_1_136' title='bbox 559 2580 764 2636; x_wconf 86' lang='lat' dir='ltr'>erant</span> <span class='ocrx_word' id='word_1_137' title='bbox 789 2562 880 2634; x_wconf 89' lang='lat' dir='ltr'>ab</span> <span class='ocrx_word' id='word_1_138' title='bbox 907 2562 1048 2632; x_wconf 86' lang='lat' dir='ltr'>istis</span> <span class='ocrx_word' id='word_1_139' title='bbox 1069 2561 1269 2632; x_wconf 85' lang='lat' dir='ltr'>malis</span> <span class='ocrx_word' id='word_1_140' title='bbox 1293 2613 1317 2650; x_wconf 95' lang='lat'>,</span> <span class='ocrx_word' id='word_1_141' title='bbox 1359 2564 1488 2654; x_wconf 92' lang='lat' dir='ltr'>qui</span> <span class='ocrx_word' id='word_1_142' title='bbox 1516 2563 1849 2636; x_wconf 87' lang='lat' dir='ltr'>nondum</span> <span class='ocrx_word' id='word_1_143' title='bbox 1872 2591 1943 2636; x_wconf 91' lang='lat' dir='ltr'>se</span> <span class='ocrx_word' id='word_1_144' title='bbox 1974 2567 2107 2636; x_wconf 86' lang='lat' dir='ltr'>de·</span> 
     </span>
     <span class='ocr_line' id='line_1_21' title="bbox 195 2665 2104 2764; baseline 0.001 -20"><span class='ocrx_word' id='word_1_145' title='bbox 195 2674 344 2746; x_wconf 81' lang='lat' dir='ltr'>liciis</span> <span class='ocrx_word' id='word_1_146' title='bbox 371 2676 739 2744; x_wconf 83' lang='lat' dir='ltr'>solverant</span> <span class='ocrx_word' id='word_1_147' title='bbox 764 2721 788 2760; x_wconf 91' lang='lat'>‚</span> <span class='ocrx_word' id='word_1_148' title='bbox 837 2672 966 2764; x_wconf 90' lang='lat' dir='ltr'>qui</span> <span class='ocrx_word' id='word_1_149' title='bbox 1009 2669 1144 2740; x_wconf 87' lang='lat' dir='ltr'>sibi</span> <span class='ocrx_word' id='word_1_150' title='bbox 1185 2665 1669 2762; x_wconf 85' lang='lat' dir='ltr'>imperabant,</span> <span class='ocrx_word' id='word_1_151' title='bbox 1717 2674 1848 2742; x_wconf 83' lang='lat' dir='ltr'>sibi</span> <span class='ocrx_word' id='word_1_152' title='bbox 1886 2676 2104 2746; x_wconf 81' lang='lat' dir='ltr'>mini-</span> 
     </span>
     <span class='ocr_line' id='line_1_22' title="bbox 196 2779 2101 2876; baseline 0.003 -26"><span class='ocrx_word' id='word_1_153' title='bbox 196 2782 516 2852; x_wconf 83' lang='lat' dir='ltr'>strabant.</span> <span class='ocrx_word' id='word_1_154' title='bbox 541 2779 862 2873; x_wconf 88' lang='lat' dir='ltr'>Corpora</span> <span class='ocrx_word' id='word_1_155' title='bbox 889 2801 1104 2872; x_wconf 85' lang='lat' dir='ltr'>opere</span> <span class='ocrx_word' id='word_1_156' title='bbox 1133 2800 1212 2848; x_wconf 87' lang='lat' dir='ltr'>ac</span> <span class='ocrx_word' id='word_1_157' title='bbox 1247 2802 1418 2849; x_wconf 84' lang='lat' dir='ltr'>vero</span> <span class='ocrx_word' id='word_1_158' title='bbox 1449 2779 1693 2850; x_wconf 89' lang='lat' dir='ltr'>labore</span> <span class='ocrx_word' id='word_1_159' title='bbox 1720 2781 2101 2876; x_wconf 87' lang='lat' dir='ltr'>durabant,</span> 
     </span>
     <span class='ocr_line' id='line_1_23' title="bbox 197 2891 2103 2989; baseline 0.003 -29"><span class='ocrx_word' id='word_1_160' title='bbox 197 2907 307 2962; x_wconf 86' lang='lat' dir='ltr'>aut</span> <span class='ocrx_word' id='word_1_161' title='bbox 329 2917 539 2963; x_wconf 87' lang='lat' dir='ltr'>cursu</span> <span class='ocrx_word' id='word_1_162' title='bbox 569 2891 972 2989; x_wconf 85' lang='lat' dir='ltr'>defatigati,</span> <span class='ocrx_word' id='word_1_163' title='bbox 999 2903 1126 2958; x_wconf 87' lang='lat' dir='ltr'>aut</span> <span class='ocrx_word' id='word_1_164' title='bbox 1151 2907 1454 2976; x_wconf 85' lang='lat' dir='ltr'>venatu,</span> <span class='ocrx_word' id='word_1_165' title='bbox 1495 2910 1623 2959; x_wconf 89' lang='lat' dir='ltr'>aut</span> <span class='ocrx_word' id='word_1_166' title='bbox 1656 2892 1909 2962; x_wconf 88' lang='lat' dir='ltr'>tellure</span> <span class='ocrx_word' id='word_1_167' title='bbox 1944 2917 2103 2965; x_wconf 85' lang='lat' dir='ltr'>ver-</span> 
     </span>
     <span class='ocr_line' id='line_1_24' title="bbox 196 2990 2113 3094; baseline 0.002 -24"><span class='ocrx_word' id='word_1_168' title='bbox 196 3017 338 3072; x_wconf 81' lang='lat' dir='ltr'>sata.</span> <span class='ocrx_word' id='word_1_169' title='bbox 375 2991 797 3094; x_wconf 83' lang='lat' dir='ltr'>Exeipiebat</span> <span class='ocrx_word' id='word_1_170' title='bbox 819 3001 980 3068; x_wconf 78' lang='lat' dir='ltr'>illos</span> <span class='ocrx_word' id='word_1_171' title='bbox 1005 2999 1229 3085; x_wconf 89' lang='lat' dir='ltr'>cibus,</span> <span class='ocrx_word' id='word_1_172' title='bbox 1259 2998 1423 3090; x_wconf 85' lang='lat' dir='ltr'>qui,</span> <span class='ocrx_word' id='word_1_173' title='bbox 1448 2998 1579 3068; x_wconf 86' lang='lat' dir='ltr'>nisi</span> <span class='ocrx_word' id='word_1_174' title='bbox 1608 2990 2113 3091; x_wconf 67' lang='lat' dir='ltr'>esurientibuS,</span> 
     </span>
     <span class='ocr_line' id='line_1_25' title="bbox 195 3108 2103 3206; baseline 0.001 -25"><span class='ocrx_word' id='word_1_175' title='bbox 195 3115 454 3204; x_wconf 88' lang='lat' dir='ltr'>placere</span> <span class='ocrx_word' id='word_1_176' title='bbox 482 3136 635 3182; x_wconf 92' lang='lat' dir='ltr'>non</span> <span class='ocrx_word' id='word_1_177' title='bbox 665 3127 914 3206; x_wconf 88' lang='lat' dir='ltr'>posset.</span> <span class='ocrx_word' id='word_1_178' title='bbox 935 3110 1189 3202; x_wconf 86' lang='lat' dir='ltr'>Itaque</span> <span class='ocrx_word' id='word_1_179' title='bbox 1212 3108 1391 3177; x_wconf 86' lang='lat' dir='ltr'>nihil</span> <span class='ocrx_word' id='word_1_180' title='bbox 1421 3133 1602 3202; x_wconf 89' lang='lat' dir='ltr'>opus</span> <span class='ocrx_word' id='word_1_181' title='bbox 1624 3126 1767 3179; x_wconf 89' lang='lat' dir='ltr'>erat</span> <span class='ocrx_word' id='word_1_182' title='bbox 1786 3129 1929 3181; x_wconf 87' lang='lat' dir='ltr'>tam</span> <span class='ocrx_word' id='word_1_183' title='bbox 1955 3137 2103 3184; x_wconf 87' lang='lat' dir='ltr'>ma·</span> 
     </span>
     <span class='ocr_line' id='line_1_26' title="bbox 202 3220 2098 3318; baseline 0.001 -28"><span class='ocrx_word' id='word_1_184' title='bbox 202 3245 326 3318; x_wconf 81' lang='lat' dir='ltr'>gna</span> <span class='ocrx_word' id='word_1_185' title='bbox 347 3225 796 3294; x_wconf 85' lang='lat' dir='ltr'>medicorum</span> <span class='ocrx_word' id='word_1_186' title='bbox 827 3221 1266 3315; x_wconf 87' lang='lat' dir='ltr'>supellectile-</span> <span class='ocrx_word' id='word_1_187' title='bbox 1281 3269 1303 3309; x_wconf 94' lang='lat'>,</span> <span class='ocrx_word' id='word_1_188' title='bbox 1332 3243 1467 3290; x_wconf 90' lang='lat' dir='ltr'>nec</span> <span class='ocrx_word' id='word_1_189' title='bbox 1492 3234 1603 3291; x_wconf 89' lang='lat' dir='ltr'>tot</span> <span class='ocrx_word' id='word_1_190' title='bbox 1626 3220 2098 3308; x_wconf 84' lang='lat' dir='ltr'>ferramentis,</span> 
     </span>
     <span class='ocr_line' id='line_1_27' title="bbox 195 3321 2099 3427; baseline 0.001 -30"><span class='ocrx_word' id='word_1_191' title='bbox 195 3344 410 3420; x_wconf 85' lang='lat' dir='ltr'>atque</span> <span class='ocrx_word' id='word_1_192' title='bbox 440 3331 849 3427; x_wconf 82' lang='lat' dir='ltr'>pyxidibus.</span> <span class='ocrx_word' id='word_1_193' title='bbox 885 3330 1206 3422; x_wconf 81' lang='lat' dir='ltr'>Simplex&#39;</span> <span class='ocrx_word' id='word_1_194' title='bbox 1226 3345 1400 3399; x_wconf 77' lang='lat' dir='ltr'>‘erat</span> <span class='ocrx_word' id='word_1_195' title='bbox 1433 3351 1522 3398; x_wconf 85' lang='lat' dir='ltr'>ex</span> <span class='ocrx_word' id='word_1_196' title='bbox 1564 3351 1764 3426; x_wconf 68' lang='lat' dir='ltr'>causa</span> <span class='ocrx_word' id='word_1_197' title='bbox 1792 3321 2099 3423; x_wconf 83' lang='lat' dir='ltr'>simplici</span> 
     </span>
     <span class='ocr_line' id='line_1_28' title="bbox 189 3435 2097 3526; baseline 0.001 -20"><span class='ocrx_word' id='word_1_198' title='bbox 189 3438 541 3526; x_wconf 84' lang='lat' dir='ltr'>valitud03</span> <span class='ocrx_word' id='word_1_199' title='bbox 587 3441 856 3510; x_wconf 88' lang='lat' dir='ltr'>multos</span> <span class='ocrx_word' id='word_1_200' title='bbox 887 3441 1179 3510; x_wconf 88' lang='lat' dir='ltr'>morbos</span> <span class='ocrx_word' id='word_1_201' title='bbox 1206 3440 1433 3508; x_wconf 89' lang='lat' dir='ltr'>multa</span> <span class='ocrx_word' id='word_1_202' title='bbox 1464 3436 1726 3514; x_wconf 86' lang='lat' dir='ltr'>fercula</span> <span class='ocrx_word' id='word_1_203' title='bbox 1756 3435 2097 3508; x_wconf 83' lang='lat' dir='ltr'>fecerunt.</span> 
     </span>
     <span class='ocr_line' id='line_1_29' title="bbox 190 3546 2091 3645; baseline -0.001 -25"><span class='ocrx_word' id='word_1_204' title='bbox 190 3546 406 3638; x_wconf 78' lang='lat' dir='ltr'>Vide,</span> <span class='ocrx_word' id='word_1_205' title='bbox 427 3568 792 3644; x_wconf 88' lang='lat' dir='ltr'>quantum</span> <span class='ocrx_word' id='word_1_206' title='bbox 823 3573 1062 3620; x_wconf 86' lang='lat' dir='ltr'>rerum</span> <span class='ocrx_word' id='word_1_207' title='bbox 1094 3566 1224 3643; x_wconf 86' lang='lat' dir='ltr'>per</span> <span class='ocrx_word' id='word_1_208' title='bbox 1249 3567 1467 3619; x_wconf 78' lang='lat' dir='ltr'>unam</span> <span class='ocrx_word' id='word_1_209' title='bbox 1494 3551 1733 3645; x_wconf 87' lang='lat' dir='ltr'>gulam</span> <span class='ocrx_word' id='word_1_210' title='bbox 1761 3548 2091 3619; x_wconf 55' lang='lat' dir='ltr'>transitu*</span> 
     </span>
     <span class='ocr_line' id='line_1_30' title="bbox 189 3649 2199 3760; baseline 0 -29"><span class='ocrx_word' id='word_1_211' title='bbox 189 3681 403 3732; x_wconf 85' lang='lat' dir='ltr'>rarum</span> <span class='ocrx_word' id='word_1_212' title='bbox 444 3649 870 3756; x_wconf 79' lang='lat' dir='ltr'>permisceat</span> <span class='ocrx_word' id='word_1_213' title='bbox 891 3663 1200 3749; x_wconf 84' lang='lat' dir='ltr'>luxuria,</span> <span class='ocrx_word' id='word_1_214' title='bbox 1227 3679 1589 3752; x_wconf 38' lang='lat' dir='ltr'>terrarum·</span> <span class='ocrx_word' id='word_1_215' title='bbox 1606 3660 1957 3750; x_wconf 88' lang='lat' dir='ltr'>marisque</span> <span class='ocrx_word' id='word_1_216' title='bbox 1978 3685 2097 3732; x_wconf 78' lang='lat' dir='ltr'>va-</span> <span class='ocrx_word' id='word_1_217' title='bbox 2194 3757 2199 3760; x_wconf 21' lang='grc' dir='ltr'>Ι</span> 
     </span>
     <span class='ocr_line' id='line_1_31' title="bbox 185 3766 2094 3863; baseline 0.002 -28"><span class='ocrx_word' id='word_1_218' title='bbox 185 3769 450 3840; x_wconf 77' lang='lat' dir='ltr'>statrix!</span> <span class='ocrx_word' id='word_1_219' title='bbox 509 3769 812 3863; x_wconf 73' lang='lat' dir='ltr'>Necesse</span> <span class='ocrx_word' id='word_1_220' title='bbox 855 3786 958 3841; x_wconf 86' lang='lat' dir='ltr'>est</span> <span class='ocrx_word' id='word_1_221' title='bbox 1006 3771 1254 3862; x_wconf 82' lang='lat' dir='ltr'>itaque</span> <span class='ocrx_word' id='word_1_222' title='bbox 1295 3769 1481 3838; x_wconf 86' lang='lat' dir='ltr'>inter</span> <span class='ocrx_word' id='word_1_223' title='bbox 1520 3792 1593 3837; x_wconf 90' lang='lat' dir='ltr'>se</span> <span class='ocrx_word' id='word_1_224' title='bbox 1632 3785 1777 3838; x_wconf 84' lang='lat' dir='ltr'>tam</span> <span class='ocrx_word' id='word_1_225' title='bbox 1822 3766 2094 3841; x_wconf 81' lang='lat' dir='ltr'>diversa</span> 
     </span>
    </p>

    <p class='ocr_par' dir='ltr' id='par_1_6' title="bbox 32 3877 2093 3980">
     <span class='ocr_line' id='line_1_32' title="bbox 32 3877 2093 3980; baseline 0.002 -32"><span class='ocrx_word' id='word_1_226' title='bbox 32 3949 34 3980; x_wconf 55' lang='grc' dir='ltr'>Ι</span> <span class='ocrx_word' id='word_1_227' title='bbox 184 3877 562 3956; x_wconf 80' lang='lat' dir='ltr'>dissideant</span> <span class='ocrx_word' id='word_1_228' title='bbox 581 3931 608 3973; x_wconf 91' lang='lat'>,</span> <span class='ocrx_word' id='word_1_229' title='bbox 651 3897 729 3953; x_wconf 83' lang='lat' dir='ltr'>et</span> <span class='ocrx_word' id='word_1_230' title='bbox 762 3881 1020 3954; x_wconf 76' lang='lat' dir='ltr'>hausta</span> <span class='ocrx_word' id='word_1_231' title='bbox 1045 3881 1234 3960; x_wconf 84' lang='lat' dir='ltr'>male</span> <span class='ocrx_word' id='word_1_232' title='bbox 1269 3879 1713 3978; x_wconf 84' lang='lat' dir='ltr'>digerantur,</span> <span class='ocrx_word' id='word_1_233' title='bbox 1760 3877 1907 3950; x_wconf 85' lang='lat' dir='ltr'>aliis</span> <span class='ocrx_word' id='word_1_234' title='bbox 1948 3880 2093 3952; x_wconf 89' lang='lat' dir='ltr'>alio</span> 
     </span>
    </p>
   </div>
   <div class='ocr_carea' id='block_1_5' title="bbox 1045 4109 1092 4160">
    <p class='ocr_par' dir='ltr' id='par_1_7' title="bbox 1045 4109 1092 4160">
     <span class='ocr_line' id='line_1_33' title="bbox 1045 4109 1092 4160; baseline 0 0"><span class='ocrx_word' id='word_1_235' title='bbox 1045 4109 1092 4160; x_wconf 55' lang='grc' dir='ltr'>θ’(</span> 
     </span>
    </p>
   </div>
  </div>
 </body>
</html>
