2759 4825
653 371 874 448 186*
1025 369 1110 444 L.
1157 367 1620 444 ΑΝΝΑΕῙ
1666 347 2195 462 SENECAE

640 529 828 617 illas,
867 527 962 602 ad
983 527 1159 624 quas
1185 553 1318 628 ego,
1343 529 1603 624 inrupi.
1655 527 1895 616 Doce,
1930 524 2314 621 quomodo
2340 523 2579 598 feram

642 664 1055 712 aerumnam
1073 640 1223 712 sine
1245 633 1515 737 gemitu
1542 663 1709 711 meo
1726 691 1747 728 ,
1775 639 2179 712 felicitatem
2213 637 2365 708 sine
2392 637 2579 710 alie-

641 773 788 834 no;
825 749 1200 840 quomodo
1226 747 1567 821 ultimum
1598 772 1679 818 ac
1714 749 2174 822 necessarium
2204 745 2394 818 vitae
2420 761 2583 816 ter-

642 835 927 928 minum
953 881 1105 929 non
1133 873 1541 951 exspectem
1561 908 1587 945 ,
1630 857 1757 931 sed
1796 856 2095 950 ipsemet
2114 906 2138 942 ,
2172 879 2411 948 quum
2456 853 2579 940 vj·-

641 990 798 1036 sum
827 967 961 1039 erit
981 1017 1005 1051 ‚
1032 965 1454 1064 profugiam.
1486 965 1681 1036 Nihil
1708 965 1886 1036 mihi
1914 963 2198 1037 videtur
2231 963 2523 1057 turpius
2550 1016 2577 1052 ‚

643 1101 866 1168 quam
911 1098 1157 1170 optare
1199 1093 1529 1148 mortem.
1576 1076 1767 1148 Nam
1801 1073 1856 1146 si
1895 1076 1999 1148 vis
2038 1073 2275 1160 vivere
2298 1124 2323 1162 ,
2376 1073 2577 1166 quid

645 1200 846 1275 optas
870 1185 1050 1254 mori
1069 1186 1103 1254 ?
1135 1184 1278 1255 sive
1307 1207 1459 1255 non
1488 1185 1631 1272 vis,
1681 1182 1864 1278 quid
1888 1183 2079 1254 Deos
2119 1206 2317 1280 rogas
2359 1180 2593 1274 quod'

643 1292 780 1364 tibi
804 1293 1112 1364 nascenti
1141 1293 1544 1376 dederunt?
1570 1294 1761 1364 Nam
1782 1344 1805 1381 ,
1832 1311 1917 1366 ut
1936 1290 2389 1386 quandoque
2414 1315 2579 1362 mo·

643 1402 868 1488 riariS,
899 1401 1111 1474 etiam
1141 1402 1370 1474 invito
1400 1401 1717 1496 positum
1746 1418 1885 1488 est;
1915 1418 2033 1488 ut,
2066 1424 2301 1494 quum
2327 1404 2576 1486 voles,

644 1510 720 1581 in
750 1526 870 1580 tua
917 1534 1134 1582 manu
1173 1531 1294 1580 est.
1343 1511 1669 1590 Alterum
1706 1509 1839 1580 tibi
1882 1497 2165 1582 necesse
2208 1525 2350 1596 est3
2392 1511 2579 1580 alte-

645 1644 812 1692 rum
855 1619 1042 1691 licet.
1087 1609 1613 1718 Turpissimum
1664 1622 1767 1690 his
1818 1610 2075 1692 diebus
2124 1618 2574 1714 principium

645 1728 884 1800 diserti
913 1730 1346 1801 mehercules
1367 1729 1504 1800 'viri
1532 1728 1705 1828 legi:
1746 1734 1895 1804 Ita.
1923 1729 2166 1822 inquit
2187 1779 2209 1816 ‚
2234 1731 2575 1826 quampri-

645 1863 821 1908 mum
865 1841 1155 1910 moriar!
1201 1838 1450 1909 Homo
1502 1838 1833 1909 demens!
1892 1855 2092 1932 optas
2123 1862 2275 1913 rem
2315 1853 2573 1908 tuam:

643 1945 763 2016 Ita
789 1941 1280 2043 quamprimum*
1298 1949 1583 2016 moriar!
1626 1945 1933 2016 Fortasse
1976 1947 2157 2018 inter
2198 1945 2317 2016 has
2354 1969 2574 2016 voces

649 2077 869 2124 senex
897 2052 1122 2123 factus
1149 2077 1261 2148 esr
1311 2053 1627 2146 alioqui,
1678 2053 1857 2145 quid
1899 2053 1975 2124 in
2004 2077 2201 2124 mora
2238 2053 2393 2124 est?
2444 2055 2577 2123 ne-

648 2184 776 2230 mo
801 2175 874 2230 te
898 2177 1138 2246 tenet3·
1183 2161 1441 2250 evade5
1478 2183 1623 2255 qua
1651 2161 1878 2230 visum
1902 2161 2044 2232 est!
2098 2162 2277 2258 elige
2308 2185 2575 2254 quam-

647 2268 828 2340 libet
851 2293 1088 2340 rerum
1127 2288 1416 2342 naturae
1446 2286 1753 2364 partem,
1805 2295 2023 2364 quam
2056 2271 2193 2342 tibi
2228 2266 2575 2366 praebere

651 2380 926 2451 exitum
971 2380 1246 2453 iubeas!
1302 2381 1499 2454 Haec
1544 2405 1809 2477 nempe
1842 2399 2013 2453 sunt
2044 2398 2117 2456 et
2160 2384 2575 2473 elementa,

649 2491 914 2583 quibus
955 2492 1068 2563 hic
1109 2491 1429 2563 mundus
1456 2490 2019 2580 administratur,
2066 2517 2293 2587 aqua,
2339 2507 2574 2582 terra,

649 2600 929 2693 spiritus
948 2628 966 2671 ε
993 2603 1234 2674 omnia
1249 2603 1376 2673 ista
1390 2619 1539 2673 tam
1554 2627 1796 2675 causae
1818 2602 2104 2675 vivendi
2122 2620 2314 2690 sunt,
2340 2628 2574 2697 quam

634 2707 800 2787 *viae
829 2710 1092 2779 mortis,
1140 2710 1253 2781 Ita
1292 2712 1762 2807 quamprimum
1806 2713 2090 2781 moriar!
2132 2711 2581 2825 Quampri-

651 2841 849 2889 mum
895 2818 1132 2904 istud,
1174 2818 1383 2911 quod
1412 2842 1554 2891 esse
1596 2817 1747 2890 vis?
1794 2844 2017 2912 quem
2059 2819 2162 2889 illi
2205 2818 2402 2889 diem
2427 2844 2579 2913 po·-

649 2926 809 2995 nis?
850 2927 1054 2999 citius
1091 2929 1286 3016 fieri,
1334 2954 1555 3021 quam
1597 2948 1839 3023 optas,
1886 2942 2142 3023 potest.
2178 2914 2577 3022 *Inbecillae

653 3036 912 3105 mentis
937 3037 1061 3107 ista
1097 3053 1266 3109 sunt
1288 3038 1501 3109 verba
1520 3090 1544 3125 ,
1589 3056 1663 3109 et
1693 3040 1823 3109 hac
1851 3039 2320 3111 detestatione
2348 3040 2573 3113 mise-

649 3144 1026 3217 ricordiam
1069 3136 1431 3241 captantis.
1482 3148 1656 3219 Non
1690 3150 1850 3220 vult
1887 3149 2117 3238 mori,
2165 3149 2296 3243 'qui
2337 3144 2577 3245 optat.

653 3251 847 3323 Deos
887 3254 1108 3325 vitam
1135 3271 1208 3340 et
1231 3256 1533 3329 salutem
1556 3281 1764 3355 roga;
1806 3258 1863 3328 si
1896 3258 2079 3329 mori
2106 3257 2375 3354 placuit
2400 3308 2425 3349 ,
2454 3260 2577 3333 hic

653 3360 907 3431 mortis
925 3378 1026 3433 est
1051 3362 1319 3435 fructus
1339 3414 1362 3453 ,
1400 3381 1649 3459 optare
1678 3366 2015 3439 desinere.
2442 3363 2445 3366 ’

551 3462 556 3469 ’
707 3564 710 3567 q
757 3471 952 3544 Haec
973 3523 998 3561 ,
1017 3474 1122 3545 mi
1147 3475 1411 3565 Lucili,
1432 3492 1809 3551 tractemus
1826 3504 1850 3567 ς
1880 3480 1985 3551 his
2002 3480 2391 3555 formemus
2410 3482 2577 3555 ani-

659 3587 902 3666 mum!
954 3586 1147 3659 Haec
1173 3588 1651 3683 est-‘sapientia
1673 3641 1699 3678 ,
1731 3589 1871 3664 hoc
1916 3607 2019 3664 est
2042 3617 2322 3688 sapere3
2362 3618 2527 3666 non
2550 3642 2576 3680 ‚

585 3742 590 3745 -
661 3691 1272 3785 disputatiunculis
1289 3698 1621 3771 inanibus
1634 3699 2095 3773 subtilitatem
2118 3701 2570 3775 vanissimam

657 3801 936 3897 agitare.
961 3804 1111 3878 Tot
1135 3808 1579 3902 quaestiones
1604 3808 1889 3885 fortuna
1919 3810 2053 3883 tibi
2076 3810 2355 3906 posuit:
2382 3834 2571 3885 non-
