2759 4825
718 362 1325 432 EPISTOLAM
1375 317 1579 433 xci.
1916 338 1925 347 ’
1984 374 2147 457 369„

167 509 594 575 concursationes
611 510 844 574 ‘divitum
873 516 952 573 ad
976 506 1192 575 divitias
1223 513 1474 575 euntium.
1516 512 1671 595 Quo
1706 514 1903 578 minus
1936 528 2095 603 opus

169 608 308 656 erat
339 614 595 657 occanere
615 612 690 654 ex
715 610 840 655 uno
862 610 964 655 aut
997 592 1188 657 altero'
1215 595 1423 657 codice
1453 594 1701 657 Gruteri
1728 596 2052 659 adsciscere
2072 643 2095 675 ,

169 676 344 756 quod
363 674 566 736 Ruhk.
597 673 929 739 faciendum
958 674 1073 737 sibi
1103 676 1351 756 putavit.
1435 677 1479 737 l.
1514 678 1619 739 26..
1627 677 1794 758 pellat
1822 678 1992 749 aeris,
2027 693 2094 741 ut

169 755 310 816 inde
339 754 418 816 ab
449 758 540 819 ed.
560 750 718 819 Ven.
740 756 1056 838 vulgatur,
1090 758 1177 819 sic
1199 774 1360 821 recte
1379 776 1491 821 ms.
1509 780 1557 820 c.
1593 756 1663 819 In
1682 760 1763 823 A.
1792 760 1948 821 deest
1978 778 2095 839 po-

172 837 396 901 sterius
423 837 633 901 vocab.
673 837 910 901 Vitiose
933 838 1056 900 duo
1093 839 1277 901 verba
1310 839 1369 901 in
1394 858 1577 902 unum
1613 854 1922 903 contracta
1956 858 2097 903 sunt

171 916 239 979 in
269 936 375 983 ms.
397 942 455 983 a.
494 935 557 981 et
587 918 677 981 ed.
695 922 796 980 R.-
891 920 931 981 1.
967 918 1062 983 28.
1091 940 1187 1002 per
1221 942 1364 981 sua.
1417 916 1730 1005 Pei-peram
1773 921 1961 1005 vulgo
1998 942 2095 1003 per

167 1000 563 1145 maging
589 1000 924 1145 etaegrimunt
951 999 1012 1062 in
1031 1020 1139 1063 ms.
1163 1026 1222 1065 a.
1259 999 1485 1077 fuerat,
1514 1003 1617 1064 sed
1643 1002 1812 1065 litera
1838 1026 1889 1064 m
1915 1000 2097 1067 obelo

478 1102 514 1143 a
699 1101 792 1145 em
825 1100 1026 1145 manu.

259 1162 430 1227 Pac.
464 1165 614 1239 141.
633 1182 728 1226 21.
758 1166 1012 1246 patebant
1031 1188 1088 1227 a.
1115 1188 1166 1230 c.
1186 1167 1258 1227 R.
1278 1164 1356 1227 A.
1379 1182 1504 1229 non
1518 1166 1753 1248 patebat.
1837 1164 1878 1229 l.
1910 1162 1985 1229 28
2007 1182 2095 1243 sq.
2136 1206 2141 1213 -

167 1248 431 1327 perflatus
467 1244 626 1308 dedit
651 1264 762 1309 ms.
781 1250 834 1307 α.
855 1243 1065 1327 Vulgo
1092 1250 1281 1325 flatus.

258 1325 429 1389 PAG.
459 1346 487 1387 1
501 1344 553 1409 ς.
585 1330 629 1389 l.
657 1325 743 1388 16.
761 1327 1054 1408 perlucidos
1071 1328 1270 1407 lapides
1299 1327 1354 1387 in
1374 1326 1485 1387 ima
1508 1344 1757 1389 terrarum
1770 1326 1937 1408 findet.
1958 1326 2099 1391 Vo-

171 1406 372 1469 culam
399 1408 496 1481 in,
521 1426 674 1491 quae
698 1426 831 1471 ante
855 1410 964 1469 ima
987 1409 1256 1472 excidere
1287 1408 1458 1471 facile
1490 1424 1763 1490 potuerat
1780 1454 1800 1485 ,
1840 1426 1917 1469 ex
1938 1426 2097 1471 con-

169 1487 397 1553 iectura
420 1489 625 1554 adieci.
658 1488 892 1553 Vocab.
918 1491 1160 1573 lapides,
1179 1510 1255 1553 ex
1283 1491 1376 1553 ed.
1400 1490 1475 1553 R.
1506 1491 1813 1572 vulgatum
1830 1533 1853 1565 ,
1872 1492 2101 1553 deside-

171 1586 340 1633 ratur
360 1571 421 1633 in
444 1590 583 1634 mss.
603 1596 658 1633 a.
673 1591 721 1633 c.
751 1573 923 1637 cted.
939 1574 1012 1635 A.
1053 1570 1277 1633 Nescio
1297 1587 1499 1633 utrum
1518 1590 1594 1633 ex
1622 1570 1854 1653 vulgari
1872 1590 2102 1633 sermo·
2182 1588 2189 1595 ·

169 1650 265 1713 nis
291 1670 403 1715 usu
523 1652 704 1715 tuerit
741 1650 970 1727 abesse,
1004 1670 1078 1713 an
1101 1671 1240 1734 post
1263 1652 1579 1733 quaerebant
1612 1654 1755 1731 poni
1788 1652 2098 1727 debuerit,

171 1733 325 1815 (ubi
345 1734 406 1795 in
540 1778 559 1795 .
595 1752 714 1797 sec.
749 1733 1022 1815 ponitur,
1043 1731 1074 1814 )
1093 1749 1154 1795 et
1177 1734 1309 1797 dein
1339 1750 1557 1797 temere
1579 1731 1759 1795 fuerit
1796 1732 2100 1797 omissum.

169 1844 262 1863 ——-
280 1814 542 1899 Leviora
577 1814 896 1887 nonnulla,
935 1815 1146 1897 passim
1169 1835 1206 1876 e
1231 1831 1385 1877 vett.
1418 1815 1580 1876 libris
1610 1832 1646 1874 a
1682 1814 1857 1874 nobis
1882 1832 2099 1877 corre-

171 1911 271 1957 cta
289 1938 311 1972 ,
352 1914 456 1960 aut
484 1898 602 1959 iam
629 1895 1040 1991 20Ruhkopfio
1069 1896 1200 1961 sive
1225 1910 1362 1959 ante
1387 1915 1524 1960 eum
1551 1895 1627 1959 ab
1648 1892 1777 1959 aliis
1803 1910 1967 1959 recte
1988 1914 2099 1959 cu·

171 1994 305 2041 rata
319 2022 340 2055 ,
371 1994 808 2060 praetermitto.
929 2009 934 2017 ·

794 2090 846 2157 E
885 2092 932 2155 P
966 2090 1000 2155 Ῑ
1041 2093 1081 2157 S
1127 2090 1206 2198 Τ.
1278 2091 1409 2155 XC
1432 2088 1483 2155 1.

259 2211 430 2283 Pac.
472 2233 563 2295 ¹7·
593 2215 634 2276 1.
681 2230 729 2276 t.
753 2213 1053 2293 quaeritur!
1105 2194 1352 2275 tuentur
1377 2234 1432 2271 a.
1454 2231 1499 2270 c.
1519 2210 1591 2269 R.
1612 2208 1693 2269 A.
1746 2206 1967 2289 quaeri?
1996 2207 2095 2270 ed.

170 2288 381 2357 Ruhk.
413 2314 489 2356 ex
527 2294 822 2357 nonnullis
846 2295 1005 2355 Pinc.
1033 2313 1092 2355 et
1125 2293 1302 2356 Grut.
1361 2294 1400 2352 l.
1421 2310 1480 2367 7.
1506 2288 1764 2384 affectum
1792 2290 2095 2363 inclinant,
2224 2306 2235 2315 ·

167 2379 319 2439 dum
347 2381 600 2439 adversus
636 2398 740 2440 sua
765 2380 1011 2454 fimum,-
1033 2376 1072 2437 i.
1099 2395 1151 2438 e.
1179 2393 1363 2456 quum
1404 2374 1631 2434 interim
1672 2368 1955 2432 adversus
1992 2389 2122 2442 sua,

170 2457 384 2520 firmus
411 2461 512 2520 sit.
536 2459 738 2540 Vulgo
766 2461 1026 2520 inclinant
1043 2503 1064 2530 ,
1090 2459 1320 2537 absque
1335 2461 1475 2516 dum.
1502 2453 1585 2515 At
1608 2454 1967 2514 inclinandum
1986 2440 2099 2514 disl-
2210 2462 2242 2466 “’
2303 2474 2317 2488 ·

87 2573 92 2576 -
171 2540 320 2600 bant
341 2565 398 2600 a.
424 2561 471 2602 c.
490 2543 565 2601 R.
585 2542 659 2601 A.
694 2540 754 2600 in
783 2560 912 2621 quo
949 2541 1105 2600 duae
1144 2540 1287 2598 istae
1323 2553 1515 2598 voces
1542 2535 1694 2596 haud
1730 2535 1909 2596 dubie
1948 2535 2101 2596 late·-

169 2621 343 2685 bant.
382 2621 454 2685 In
483 2621 573 2683 ed.
594 2623 664 2682 R.
695 2638 786 2682 est
811 2623 1176 2683 inclinandum
1204 2636 1411 2691 movent
1442 2619 1571 2679 adv.
1604 2617 1706 2678 ubi
1740 2615 1866 2678 scil.
1894 2632 2104 2676 movens

169 2719 248 2764 ex
279 2702 509 2765 scholio
550 2695 996 2783 interpolatum.
2120 2711 2124 2714 “

259 2783 429 2846 Pac.
465 2805 556 2866 19.
597 2784 640 2845 ι.
675 2781 732 2844 8.
770 2784 866 2843 ma·
905 2741 1479 2844 tantum-mimz.
1538 2777 1637 2839 sic
1670 2778 1761 2838 ed.
1790 2776 1997 2840 Ruhk.
2024 2795 2101 2840 ex

169 2861 296 2927 Pal.
331 2883 382 2944 3.
404 2882 465 2927 et
487 2885 544 2940 4.
573 2865 693 2924 Alii
713 2865 844 2926 libri
865 2882 1076 2926 omnes
1097 2861 1403 2944 vulgatum
1430 2859 1573 2922 olim
1606 2878 1829 2920 tamen
1863 2875 2104 2932 tenent,

170 2947 336 3028 quod
370 2948 710 3009 restitutum
747 2935 951 3007 v-e‘iim.
1030 2945 1071 3005 l.
1100 2964 1191 3004 20.
1228 2945 1427 3004 solatia
1452 2941 1854 3021 navigantium,
1892 2963 1963 3002 ac
1985 2963 2102 3020 spe-
2207 3000 2217 3010 ,

47 3031 52 3036 ’
168 3028 329 3088 culos
363 3031 440 3088 ad
469 3028 719 3090 humile
764 3026 1000 3088 deduxit.
1040 3023 1284 3089 Rectius
1315 3026 1400 3086 sic
1445 3023 1833 3104 distinguetur
1862 3021 2102 3098 oratio,

168 3108 375 3174 solatia
416 3108 786 3190 navigantium
814 3129 880 3169 ae
918 3109 1160 3191 speculas
1178 3151 1199 3178 ,
1233 3109 1311 3166 ad
1339 3123 1452 3166 etc.
1495 3103 1619 3180 ‚Vul
1666 3121 1707 3164 o
1738 3105 1815 3165 ad
1857 3104 2102 3163 humilem

171 3212 394 3251 arenam
421 3191 674 3263 deduxit,
707 3189 841 3251 inde
871 3190 946 3252 ab
976 3189 1068 3252 ed.
1095 3189 1254 3248 Ven.
1285 3203 1342 3248 et
1378 3187 1464 3248 sic
1488 3204 1594 3263 ms-
1674 3185 1751 3245 al.
1796 3205 1855 3248 2.
1883 3183 2019 3245 Col.
2044 3199 2105 3245 et

170 3270 356 3352 Lipsii
380 3271 603 3334 codex:
654 3271 752 3333 sed
785 3271 941 3332 nude
975 3273 1049 3330 ad
1080 3269 1270 3332 humile
1310 3267 1527 3328 deduxit
1548 3265 1729 3328 ed.R.
1765 3279 1825 3325 et
1843 3264 1923 3326 A.
1962 3281 2105 3326 cum

171 3369 288 3414 ms·
314 3351 432 3416 Pal.
465 3376 521 3434 4.
553 3353 717 3434 quod
739 3367 802 3413 et
829 3351 1138 3413 Pincianus
1176 3350 1546 3411 laudaverat.
1572 3346 1733 3409 Casu
1758 3344 1978 3409 factum
2009 3361 2107 3406 ar·

171 3434 408 3510 bitror,
437 3447 508 3496 ut
537 3435 614 3494 ad
645 3433 888 3496 humilem
924 3433 1278 3494 scriberetur
1307 3432 1368 3490 in
1406 3427 1739 3500 nonnullis,
1773 3441 1843 3487 ut
1878 3426 1936 3486 in
1964 3427 2105 3507 Arg.

171 3539 234 3577 a.
268 3538 318 3579 c.
361 3534 424 3579 et
463 3515 582 3579 Pal.
627 3533 677 3576 ι.
707 3533 760 3594 3.
800 3513 955 3574 unde
990 3516 1249 3576 tumulum
1291 3510 1595 3593 legendum
1640 3508 1969 3585 suspicatus
2014 3521 2107 3570 est

173 3593 360 3660 Grut.
399 3596 500 3680 alii
534 3618 747 3657 arenam
771 3595 1153 3668 adiecerunt,
1193 3594 1358 3674 quod
1401 3591 1467 3651 in
1500 3607 1609 3650 ms.
1634 3611 1693 3649 a.
1740 3587 1961 3648 adlevit
2003 3605 2131 3650 ro·-

175 3679 520 3749 centissima
541 3695 763 3738 manus.
847 3677 886 3737 l.
923 3695 990 3758 23
1033 3693 1123 3758 sq.
1165 3677 1363 3737 Casum
1391 3688 1609 3735 exstant
1618 3693 1644 3744 ;
1670 3690 1844 3730 omnes
1876 3673 1901 3742 (
1927 3669 2111 3733 intell.

173 3759 396 3840 urbes)
436 3760 524 3820 Ιιὶι·
557 3758 733 3820 exieus
755 3774 945 3819 manet.
985 3757 1080 3819 Sic
1109 3755 1278 3838 plane
1313 3771 1376 3817 et
1406 3751 1883 3815 commodissime
1919 3769 2103 3814 msa.

169 3857 292 3904 nec
329 3839 586 3922 multum
619 3841 834 3906 abeunt
873 3844 954 3906 A.
985 3854 1047 3901 et
1074 3862 1122 3902 c.
1169 3835 1376 3920 Vulgo
1396 3879 1426 3912 ,
1458 3835 1663 3904 ,Casum
1691 3831 1868 3896 omnia
1888 3849 2107 3896 extamz

369 3936 458 4007 ΙΙ.
1586 3953 1679 4024 24
