2759 4825
669 413 812 465 ιω
1037 383 1119 457 L.
1173 381 1613 460 ΑΝΝΑΕι
1677 345 2201 456 SENECAE

595 593 612 608 ·
663 546 985 620 Primum
1027 543 1156 614 sibi
1181 543 1314 637 ipsi
1345 542 1761 614 conciliatur
1794 543 2087 630 animab
2128 541 2357 612 debet
2382 541 2581 612 enim

662 655 933 750 aliquid
957 677 1126 738 esse,
1159 652 1248 721 ad
1275 650 1480 743 quod
1506 645 1637 722 alia
1660 650 2071 723 referantur.
2099 651 2585 744 Voluptatem

662 781 872 858 peto:
913 760 1084 832 cui?
1129 758 1340 829 mihi!
1390 781 1553 856 ergo
1579 759 1723 830 mei
1750 782 1997 830 curam
2018 781 2171 856 ago.
2222 757 2581 830 Dolorem

662 871 976 969 refugiet
1013 893 1152 963 pro
1187 867 1390 964 quo?
1416 891 1552 960 pro
1579 870 1733 940 me!
1784 893 1953 966 ergo
1976 868 2117 938 mei
2146 891 2393 939 curam
2422 893 2583 966 ago·

661 977 736 1052 Si
771 979 1021 1052 omnia
1059 995 1357 1072 propter
1396 1000 1639 1048 curam
1678 979 1821 1048 mei
1850 978 2073 1066 facio,
2118 993 2287 1048 ante
2330 980 2581 1050 omnia

663 1106 767 1162 est
796 1089 938 1160 mei
965 1107 1150 1158 cura.
1195 1076 1391 1164 Haec
1412 1085 1837 1156 animalibus
1861 1085 2041 1156 inest
2078 1085 2392 1171 cunctis3
2444 1109 2583 1158 nec

661 1203 1029 1287 inseritur,
1069 1195 1196 1268 sed
1217 1198 1621 1270 innascitur.
1659 1197 2007 1269 Producit
2045 1195 2229 1268 fetus
2264 1219 2431 1266 suos
2450 1220 2583 1267 na-

661 1327 823 1384 tura
849 1361 871 1396 ,
909 1331 1060 1380 non
1103 1306 1385 1392 abiicit3
1438 1323 1553 1394 et,
1592 1307 1761 1399 quia
1800 1309 2025 1379 tutela
2062 1307 2453 1378 certissima
2490 1331 2581 1378 ex

661 1418 1000 1516 proximo
1025 1432 1126 1486 est
1147 1463 1170 1502 ,
1197 1413 1330 1484 sibi
1359 1415 1669 1507 quisque
1696 1417 2105 1502 commissus
2132 1433 2251 1486 est.
2281 1415 2579 1507 Itaque,

661 1545 749 1600 ut
773 1524 1124 1622 prioribus
1151 1523 1459 1617 epistolis
1481 1522 1679 1610 dixi,
1704 1541 1962 1596 tenera.
1980 1547 2281 1618 quoque
2308 1526 2583 1596 anima-

658 1639 788 1726 lia,
815 1659 906 1708 ex
929 1653 1248 1706 materno
1279 1652 1483 1706 utero
1506 1685 1527 1723 ,
1554 1638 1673 1706 vel
1704 1621 2011 1730 t'luoquo
2036 1638 2303 1726 mode,
2334 1638 2581 1726 effusa,

661 1747 846 1841 quid
861 1746 953 1818 sit
985 1743 1322 1816 infestum
1347 1745 1511 1838 ipsis
1532 1746 1859 1838 protinus
1880 1760 2198 1834 norunt,
2224 1764 2299 1817 et
2325 1749 2583 1820 morti-

658 1855 805 1928 fera
847 1854 1210 1940 devitant3
1263 1853 1594 1926 umbram
1640 1879 1941 1950 quoque
1978 1858 2583 1931 transvolantium

657 1965 1124 2039 reformidant
1187 1964 1503 2036 obnoxia
1561 1964 1811 2038 avibus
1870 1986 2079 2060 rapto
2137 1968 2577 2040 viventibus.

656 2077 971 2149 Nullum
998 2073 1258 2144 animal
1281 2071 1374 2142 ad
1397 2071 1619 2144 vitam
1641 2075 1883 2168 prodit
1904 2075 2055 2146 sine
2074 2093 2279 2148 metu
2304 2078 2573 2148 mortis.

757 2181 1410 2290 Quemadmodum
1429 2232 1452 2268 ,
1482 2182 1759 2275 inquit,
1784 2183 2061 2256 editum
2080 2184 2343 2256 animal
2370 2185 2581 2268 imel-

655 2293 924 2362 lectum
966 2283 1226 2358 habere
1247 2337 1270 2375 ,
1310 2305 1439 2359 aut
1470 2288 1781 2364 salutaris
1816 2308 1941 2361 aut
1982 2293 2389 2389 mortiferae
2426 2293 2577 2381 rei,

654 2400 944 2497 potest?
977 2438 1048 2453 --
1093 2399 1415 2473 Primum
1444 2402 1839 2493 quaeritur,
1888 2426 1983 2473 an
2007 2403 2391 2502 intelligat,
2424 2428 2579 2477 non

657 2506 1290 2604 quemadmodum
1317 2507 1687 2605 intelligat.
1737 2508 1897 2581 Esse
1926 2527 2177 2583 autem
2206 2514 2340 2584 illis
2364 2514 2581 2585 intel·

655 2620 932 2691 lectum
953 2667 976 2705 ,
1023 2641 1115 2690 ex
1155 2642 1246 2688 eo
1291 2617 1621 2710 adparet,
1648 2620 1859 2712 'quod
1906 2620 2087 2693 nihil
2124 2624 2476 2716 amplius,
2526 2625 2579 2695 si

541 2746 556 2759 ·
656 2724 1176 2811 intellexerint,
1206 2722 1483 2797 facient.
1518 2725 1725 2831 Quid
1749 2743 1889 2815 est,
1920 2752 2141 2825 quare
2163 2743 2577 2821 pavonem,

659 2859 882 2931 quare
905 2856 1220 2905 anserem
1248 2834 1521 2933 gallina.
1541 2858 1693 2905 non
1726 2834 2028 2933 refugiat
2046 2887 2070 2925 ,
2090 2850 2097 2854 “
2116 2838 2351 2930 quum
2374 2856 2581 2911 tanto

657 2947 1048 3029 minorem,
1079 2962 1152 3015 et
1175 2960 1557 3033 nenotum
1588 2945 1889 3037 quidem
1915 2932 2091 3034 sibi,
2122 2949 2584 3042 accipitrem?

657 3073 882 3145 quare
920 3052 1106 3143 pulli
1148 3051 1360 3121 felem
1391 3051 1731 3139 timeant,
1756 3077 2011 3125 canem
2042 3079 2193 3127 non
2218 3057 2581 3129 timeant?

661 3159 978 3253 Adparet
1003 3209 1028 3245 ,
1069 3157 1201 3229 illis
1235 3160 1455 3232 inesse
1493 3161 1803 3233 nocituri
1828 3164 2229 3252 scientiam,
2271 3190 2427 3237 non
2456 3162 2585 3237 exa

661 3268 1063 3364 perimento
1094 3266 1501 3364 collectam:
1534 3292 1729 3358 nam,
1758 3283 2145 3363 antequam
2170 3274 2447 3367 possint
2472 3300 2583 3345 ex-

661 3376 910 3472 periri,
939 3393 1210 3448 cavent.
1257 3377 1542 3449 Deinde
1563 3429 1585 3466 ,
1616 3402 1709 3449 ne
1734 3379 1873 3451 hoc
1890 3404 2049 3453 casu
2074 3384 2427 3455 existimes
2458 3386 2583 3457 fie-

661 3489 761 3575 ri,
799 3510 932 3565 nec
959 3503 1300 3559 metuunt
1331 3488 1461 3557 alia
1486 3513 1703 3581 quam
1728 3488 2039 3579 debent,
2064 3516 2196 3563 nec
2222 3518 2576 3585 umquam

665 3594 1186 3669 obliviscuntur
1213 3596 1418 3667 huius
1442 3601 1707 3670 tutelae
1732 3617 1803 3671 et
1835 3600 2266 3699 diligentiae:
2310 3627 2577 3697 aequa-

661 3704 748 3773 lis
773 3722 876 3777 est
896 3704 1028 3775 illis
1053 3730 1094 3775 a
1121 3708 1513 3799 pernicioso
1546 3708 1736 3808 fuga.
1785 3712 2143 3783 Praeterea
2169 3762 2192 3799 ,
2218 3736 2373 3785 non
2390 3714 2577 3785 fiunt

663 3810 1019 3886 timidiora
1042 3815 1373 3889 vivendo.
1413 3815 1523 3889 Ex
1550 3842 1699 3915 quo
1728 3820 2029 3914 quidem
2052 3821 2387 3917 adparet,
2422 3846 2577 3895 non

899 4084 914 4129 Ι
