2759 4825
583 394 1709 473 EPISTOLA.XC.'
2008 424 2093 479 n

173 550 510 625 rationem
545 552 690 623 toti
709 544 1016 627 inditam
1038 607 1063 644 ,
1090 572 1164 628 et
1187 555 1338 628 vim
1365 560 1705 631 omnium
1736 560 2098 635 seminum

177 663 432 758 singula
467 662 762 757 proprie
795 664 1238 761 figurantem.
1287 667 1486 739 Tum
1531 668 1626 741 de
1650 669 1894 741 animo
1930 693 2099 747 coe.-

173 772 276 863 pit
297 772 658 862 inquirere
673 822 696 859 ,
731 774 932 845 unde
951 792 1123 845 esset
1139 826 1160 863 ,
1175 776 1318 847 ubi
1335 830 1356 863 ,
1386 777 1739 870 quamdiu
1758 828 1781 865 ,
1808 780 1886 849 in
1908 792 2099 872 quot

171 879 486 949 membra
523 881 811 954 divisus.
861 882 1150 955 Deinde
1201 910 1240 955 a
1287 886 1705 978 corporibus
1741 910 1813 957 se
1856 885 1949 955 ad
1984 886 2099 957 in-

167 990 550 1084 corporalia
575 992 976 1080 transtulit,
1019 994 1545 1087 veritatemque
1578 1012 1651 1065 et
1682 1010 2097 1093 argumenta

173 1098 312 1170 eius
333 1098 672 1171 excussitz
708 1118 874 1193 post
903 1101 1113 1191 haec,
1159 1103 1787 1195 quemadmodum
1842 1104 2099 1175 discer-

171 1226 504 1279 nerentur
519 1207 712 1277 vitae
737 1228 818 1277 ac
845 1209 1036 1279 vocis
1071 1210 1438 1309 ambigua3
1466 1211 1545 1281 in
1572 1227 1879 1305 utraque
1900 1212 2099 1285 enim

170 1318 323 1389 falsa
355 1320 538 1391 veris
565 1319 870 1391 inmixta
903 1335 1093 1391 sunt.

259 1430 426 1500 Non
463 1429 776 1501 abduxit
797 1480 822 1515 ,
867 1430 1168 1523 inquam
1187 1481 1210 1518 ,
1253 1456 1325 1502 se
1347 1484 1368 1517 ,
1406 1446 1493 1503 ut
1535 1432 1653 1503 Po
1678 1449 1711 1504 s
1732 1451 1763 1503 1
1782 1452 1835 1503 n
1852 1452 1900 1503 o
1918 1452 1973 1505 N
1990 1452 2018 1503 1
2040 1450 2093 1505 o

170 1536 448 1610 videtur
464 1589 487 1626 ,
527 1538 620 1609 ab
652 1538 796 1609 istis
819 1539 1088 1615 artibus
1113 1539 1407 1633 Sapiens
1428 1592 1453 1629 ,
1480 1541 1606 1611 sed
1632 1540 1723 1613 ad
1746 1543 1893 1613 illas
1936 1568 2097 1613 om-

167 1648 336 1719 nino
363 1670 524 1718 non
569 1649 794 1719 venit.
849 1650 1054 1722 Nihil
1083 1653 1278 1723 enim
1307 1652 1615 1747 dignum
1652 1651 1955 1723 inventu
1980 1653 2097 1723 iu·

169 1758 447 1831 dicasset
465 1810 489 1847 ,
518 1760 726 1853 quod
752 1782 906 1831 non
934 1778 1081 1831 erat
1109 1761 1411 1859 dignum
1434 1778 1789 1855 perpetuo
1822 1785 1952 1831 usu
1982 1761 2113 1859 iu·-

169 1869 564 1957 dicaturus3
607 1870 954 1962 ponenda
977 1894 1132 1943 non
1159 1888 1493 1945 sumeret.
1526 1908 1599 1923 -
1650 1870 2093 1955 Anacharsis,

164 1979 400 2071 inquit
418 2030 443 2066 ,
476 1980 724 2051 invenit
748 1997 958 2051 rotam
963 1983 1216 2077 figuli,
1253 1984 1435 2051 cuius
1468 1984 1747 2051 circuitu
1774 1978 2098 2077 vasafor-

159 2108 443 2161 tuentur.
487 2088 820 2177 Deinde,
853 2089 1023 2183 quia
1057 2089 1256 2183 apud
1287 2090 1691 2161 Homerum
1726 2087 2095 2159 invenitur

158 2196 354 2295 figuli
379 2213 544 2269 rota
564 2250 585 2283 ,
611 2200 888 2270 mavult
913 2198 1138 2271 videri
1164 2219 1403 2269 versus
1428 2196 1630 2267 falsos
1652 2220 1795 2267 esse
1810 2246 1831 2283 ,
1866 2218 2091 2287 quam

161 2308 496 2379 fabulam.
525 2308 680 2406 Ego
711 2332 844 2381 nec
866 2307 1330 2380 Anarcharsin
1356 2323 1725 2379 auctorem
1756 2304 1965 2375 huius
1988 2302 2091 2374 rei

157 2415 364 2490 fuisse
391 2421 810 2507 contendo;
853 2439 968 2509 et,
1011 2421 1065 2491 si
1092 2420 1272 2510 fuit,
1307 2419 1578 2512 sapiens
1610 2414 1910 2510 quidem
1950 2415 2093 2486 hoc

155 2527 484 2616 invenit,
535 2528 661 2598 sed
689 2552 841 2600 non
869 2547 1240 2624 tamquam
1283 2529 1595 2621 sapiens;
1644 2526 1825 2597 sicut
1864 2525 2111 2596 muita·

155 2637 504 2728 sapientes
539 2635 856 2724 faciunt,
907 2661 1053 2730 qua
1100 2637 1431 2708 homines
1478 2649 1690 2721 sunt,
1741 2657 1897 2706 non
1944 2657 2091 2726 qua

155 2744 524 2836 sapientes.
541 2744 726 2814 Puta
749 2747 1277 2818 velocissimum
1305 2770 1444 2816 esse
1468 2745 1859 2838 sapientem
1885 2772 1902 2815 ε
1934 2767 2095 2814 cur-

157 2877 236 2922 su
289 2877 548 2926 omnes
583 2855 930 2943 anteibit,
985 2879 1130 2949 qua
1177 2857 1393 2924 velox
1428 2871 1575 2940 est,
1628 2877 1783 2924 non
1816 2875 1957 2944 qua
1988 2875 2095 2922 sa-

159 2963 380 3054 piens.
432 2964 794 3058 Cuperem
839 2965 1292 3034 Posnmmo
1339 2954 1675 3054 aliquenr
1704 2960 2091 3038 vitriarium

157 3072 582 3160 ostendere,
625 3074 756 3166 qui
791 3073 1034 3167 spiritu
1079 3075 1348 3144 vitrum
1405 3074 1479 3140 in
1528 3071 1811 3142 habitus
1864 3070 2095 3162 pluri-

158 3183 659 3271 mosformat,
701 3184 830 3276 qui
867 3184 991 3254 vix
1039 3183 1361 3279 diligenti
1409 3206 1631 3254 manu
1670 3184 2095 3278 effingeren-

159 3309 296 3362 tnr.
321 3293 516 3364 Haec
541 3292 838 3365 inventa
867 3311 1078 3380 sunt,
1123 3311 1507 3385 postquam
1544 3284 1935 3384 sapientem
1978 3292 2093 3359 in-

157 3403 404 3472 venire
429 3401 949 3476 desivimus.'·-·
985 3402 1435 3476 Democritus,
1468 3401 1704 3494 inquit
1730 3451 1753 3488 ,
1782 3403 2093 3472 invenisse

155 3509 779 3608 diciturfornicem.
823 3529 900 3581 ut
935 3510 1220 3609 lapidum
1257 3527 1611 3584 curvatura
1633 3511 1957 3608 paulatim
1985 3507 2087 3578 in·-

155 3619 550 3689 clinatorum
595 3621 798 3690 medio
835 3644 996 3690 saxo
1041 3620 1469 3714 adligamtur.
1509 3657 1580 3674 --
1641 3618 1803 3687 Hoc
1852 3615 2085 3686 dicam

151 3726 408 3798 falsum
439 3753 606 3800 esse.
641 3731 932 3805 Necesse
960 3747 1062 3800 est
1105 3733 1338 3818 enim,
1388 3747 1555 3800 ante
1586 3729 2085 3800 Democritum

155 3853 224 3908 et
267 3855 534 3932 pontes
578 3854 653 3910 et
697 3856 932 3934 portas
968 3841 1220 3932 fuisse,
1281 3862 1589 3936 quarum
1628 3840 1775 3913 fere
1810 3863 2091 3910 summa
