2759 4825
598 328 1406 417 EPISTOLA
1480 333 1783 411 xc1v2
2012 328 2146 441 '39

193 522 350 573 nee
391 497 614 571 bonis
653 498 1267 574 adnumerandam
1287 550 1311 588 ‚
1359 524 1496 575 nec
1537 500 1774 577 malis:
1826 501 2145 574 monito-

203 633 364 683 rem
399 632 568 681 non
599 607 1036 709 ,desiderabit
1077 609 1167 680 ad
1207 610 1476 705 singula
1502 658 1527 697 ,
1576 610 1705 702 qui
1753 608 1985 698 dicat,
2029 602 2143 681 Sic

197 718 434 821 incede
453 772 488 791 ⁴
509 720 606 787 sic
631 743 828 791 coena
844 718 878 785 !'
903 718 1050 790 Hoc
1086 721 1260 793 viro.
1296 718 1413 789 hoc
1422 718 1759 815 feminae.
1794 718 1908 789 hoc
1936 722 2144 789 mari-

193 841 262 895 to
284 878 314 899 .
354 827 500 899 hoc.
517 828 747 897 caelibi
775 828 1067 899 convenit
1095 830 1122 895 !
1159 827 1292 897 Ista
1323 828 1521 897 enim
1548 826 1679 919 qui
1704 825 2145 923 diligentissi-

195 958 326 1007 me
355 953 678 1008 monent
697 987 721 1025 ,
771 936 906 1041 iffi
938 934 1164 1039 facere
1191 960 1340 1008 non
1369 954 1688 1031 possunt.
1738 935 1933 1007 Haec
1970 962 2142 1033 pae-

201 1046 532 1144 dagogus
567 1072 843 1159 puero,
891 1048 1062 1119 haec
1110 1050 1262 1120 avia
1297 1047 1551 1139 nepoti
1594 1046 1975 1141 praecipit3
2024 1063 2141 1137 et,
2190 1068 2193 1075 ·

199 1158 665 1231 irascendum
686 1183 842 1233 non
863 1184 1032 1247 esse,
1062 1160 1391 1257 magister
1409 1156 1976 1229 itacundissimus
2005 1156 2142 1231 dis-

199 1282 443 1361 putat.
479 1266 554 1339 Si
591 1270 856 1341 ludum
881 1264 1270 1339 literarium
1305 1267 1709 1357 intraveris,
1738 1268 1945 1353 scies,
1974 1268 2143 1353 ista,

216 1402 408 1469 quae
429 1377 504 1449 in
509 1379 710 1476 genti
733 1379 1108 1473 supercilio
1133 1378 1541 1475 philosophi
1556 1378 1841 1464 iactant,
1868 1377 1943 1451 in
1964 1400 2143 1471 pue-

207 1488 328 1559 sili
351 1513 486 1563 esse
513 1488 964 1583 praescripto.

311 1600 573 1669 Utmm
609 1600 878 1671 deinde
907 1599 1307 1695 manifesta,
1341 1626 1431 1671 an
1454 1600 1678 1673 dubia
1704 1598 2141 1695 praecipies?

208 1708 382 1779 Non
401 1709 802 1781 desiderant
827 1710 1190 1784 manifesta
1209 1711 1679 1815 monitotem3
1706 1694 2144 1819 praecipien-

211 1819 270 1887 ti
293 1818 516 1889 dubia
536 1844 694 1891 non
711 1820 1054 1891 creditur:
1087 1843 1611 1919 supervacuum
1632 1837 1733 1889 est
1750 1842 1925 1913 ergo
1942 1840 2141 1909 prae·

213 1926 468 2019 cipere.
514 1927 602 2003 Id
641 1925 824 1999 adeo
861 1926 959 1997 sic
990 1926 1194 1997 disce.
1239 1924 1306 1997 Si
1335 1925 1415 1995 id
1442 1948 1726 2012 mones,
1764 1922 1971 2017 quod
2005 1920 2144 1993 oh-

211 2061 502 2115 scutum
554 2053 660 2111 est
702 2054 778 2107 et
827 2034 1290 2131 ambiguum,
1331 2036 1889 2131 probationibus
1936 2034 2142 2107 adiu-

215 2145 536 2217 vandum
565 2145 732 2217 erit:
761 2146 812 2217 si
831 2144 1263 2238 probaturus
1282 2170 1389 2234 ee,
1420 2147 1535 2218 illa
1556 2197 1579 2234 ,
1606 2170 1734 2239 pet
1758 2170 1942 2238 quae
1963 2169 2143 2239 μσς·
2218 2194 2231 2199 -

215 2255 370 2342 bae,
417 2254 580 2348 plus
615 2258 896 2342 valent,
939 2256 1244 2347 satisque
1283 2281 1419 2348 per
1452 2282 1527 2329 se
1548 2273 1745 2327 sunt.
1790 2258 1901 2346 «ἦε
1936 2258 2143 2329 amico

221 2382 434 2443 utere,
489 2367 588 2436 sic
629 2368 802 2442 cive.
835 2367 1182 2440 oe‘asocio!
1228 2366 1527 2472 Quare?
1564 2368 1717 2464 quia
1748 2369 1988 2437 iustum
2020 2380 2151 2440 est.-

222 2474 486 2548 Omnia
509 2475 642 2558 ista
665 2477 846 2548 mihi
871 2477 946 2548 de
965 2479 1243 2568 Iustitia
1265 2479 1376 2551 loc
1385 2501 1470 2550 us
1482 2475 1714 2548 tradit.
1754 2470 1905 2548 mic
1936 2473 2157 2544 invee.

215 2583 336 2654 nio
361 2584 806 2677 aequitatem
832 2609 960 2680 per
976 2609 1054 2656 se
1081 2583 1556 2678 expetendam
1575 2633 1599 2670 ,
1625 2607 1759 2656 nec
1786 2597 1992 2652 metu
2008 2605 2149 2652 nos.

215 2694 301 2764 ad
328 2695 526 2766 illam
554 2694 712 2792 cogi
729 2744 752 2780 ,
780 2718 916 2782 neo
941 2697 1272 2767 mercede
1295 2695 1646 2780 conduci3
1676 2717 1828 2764 non
1853 2717 2007 2785 esse,
2032 2693 2149 2763 iu-

215 2817 404 2872 stum
426 2851 448 2888 ,
481 2803 602 2886 cui
639 2801 1041 2894 quidquam
1083 2801 1158 2872 in
1189 2803 1316 2876 hac
1341 2803 1611 2874 virtute
1636 2802 1911 2892 placet,
1937 2825 2140 2902 prae.-

217 2931 324 2984 ter
360 2914 612 3005 ipsam.
669 2914 867 2986 Haec
893 2938 1125 3006 quum
1153 2913 1460 3007 persuasi
1500 2912 1675 2990 mihi
1711 2927 1783 2982 et
1815 2910 2149 3004 perbibi,

215 3019 400 3111 quid
447 3022 572 3092 ista
627 3037 1004 3116 praecepta
1053 3023 1443 3116 proficiunt
1463 3073 1489 3109 ,
1532 3045 1729 3114 quae·
1771 3019 2139 3094 eruditum

221 3129 533 3203 docent?
555 3132 934 3224 Praecepta
957 3127 1124 3200 dare
1145 3129 1433 3217 scienti,
1452 3113 1971 3222 super’vacuum
1996 3146 2141 3211 est;

223 3237 594 3324 nescienti,
626 3263 906 3333 patum.
961 3238 1230 3312 Audire
1265 3241 1459 3310 enim
1492 3237 1747 3324 debet,
1787 3261 1939 3313 non
1980 3255 2141 3334 tan·-

217 3363 388 3418 tum
440 3349 617 3440 quid
677 3349 814 3420 sibi
874 3349 1379 3443 praecipiatur,
1432 3347 1559 3421 ⁴sed
1613 3348 1833 3430 >etiam
1896 3370 2141 3438 quare.

215 3457 523 3544 Utrum,
552 3461 890 3552 inquam,
921 3485 1110 3538 verae
1135 3461 1514 3554 opiniones
1552 3458 1850 3540 habenti
1874 3457 1966 3524 de
2005 3457 2142 3528 bo-

215 3565 321 3634 nis
343 3567 697 3658 malisque
719 3583 887 3640 sunt
907 3570 1313 3654 necessaria,
1336 3571 1427 3638 an
1451 3575 1605 3638 non
1628 3563 1965 3634 habenti?
1988 3562 2143 3667 Qui

213 3697 366 3744 non
395 3676 659 3764 habet,
682 3677 860 3748 nihil
885 3704 924 3748 a
953 3697 1024 3748 te
1048 3677 1534 3762 adiuvabitur;
1570 3701 1772 3746 aures
1796 3677 1947 3746 eius
1970 3699 2141 3752 con·

211 3785 416 3862 traria
441 3786 968 3867 monitionibus
996 3788 1134 3860 tuis
1157 3787 1340 3863 fama
1369 3786 1719 3882 possedit:
1758 3786 1888 3882 qui
1920 3787 2140 3877 habet
