2759 4825
738 387 1357 455 EP1sToLAM
1417 390 1570 455 xx,
2007 414 2119 476 301

262 534 438 597 Pac.
460 532 562 597 60.
586 534 624 597 l.
648 556 705 617 9.
727 535 1021 597 accedetad
1052 558 1104 596 m
1121 551 1146 593 e
1164 552 1189 595 ι
1204 554 1241 595 ιι
1256 554 1326 597 m.
1362 533 1617 616 Repone
1635 538 1716 596 ad
1733 560 1784 600 m
1801 559 1828 598 e
1843 555 1866 597 ι
1881 560 1918 600 ιι
1932 562 1962 601 s
1980 557 2120 602 cum

168 616 273 679 ed.
314 614 397 677 A.
431 632 495 677 et
521 616 597 677 R.
618 632 680 677 et
706 635 817 679 ms.
838 617 986 710 Arg.
1006 617 1060 677 b.
1087 615 1214 678 Par.
1233 639 1288 676 a.
1315 618 1366 679 b.
1389 619 1440 677 d.
1469 616 1740 699 aliisque.
1820 622 1859 684 l.
1893 639 1984 682 ιι.
2015 626 2120 686 elo-

170 699 290 761 cuti
312 697 523 779 scripsi
540 716 674 760 cum
698 696 837 759 cod.
868 696 1072 760 Nicot.
1131 697 1309 760 docuit
1331 697 1541 781 vulgo.
1612 697 1816 762 edocuit
1843 702 1934 763 ed.
1959 706 2034 765 R.
2059 721 2120 765 et

166 800 289 845 ms.
330 780 478 863 Arg.
502 782 554 840 b.
578 777 708 841 Par.
742 803 797 841 a.
823 781 876 840 b.
905 782 961 841 d.
996 778 1236 861 aliique.
1298 781 1364 840 Ἰ.
1398 800 1469 860 23
1497 799 1586 860 sq.
1621 780 1806 865 [nisi]
1849 782 1906 844 in
1939 806 2122 869 aspero

166 880 225 926 et
240 866 426 946 probo.
466 861 705 923 Vocem
742 864 849 922 nisi
878 860 999 942 (ex
1029 859 1289 933 Erasini,
1316 860 1592 923 Turnebi
1619 882 1682 926 et
1705 864 1888 945 Lipsii
1909 868 2122 929 conie-

165 960 352 1009 ctura
376 962 413 1006 a
434 941 763 1007 Gronovio
796 936 1133 1024 adiectam)
1176 943 1393 1005 abiecit
1429 943 1632 1006 Ruhk.
1667 964 1786 1029 ego
1819 948 1989 1013 uncis
2021 948 2120 1009 in·-

167 1026 375 1103 clusi,
407 1046 473 1088 ut
508 1041 817 1106 peraptam
851 1025 1085 1107 quidem
1104 1071 1124 1100 ,
1156 1024 1261 1087 sed
1292 1042 1490 1087 tamen
1521 1022 1812 1107 fortasse,
1851 1030 1920 1089 ad
1941 1048 2119 1091 eum-

168 1108 317 1171 dem
340 1106 713 1171 efficiendum
748 1124 985 1169 sensum
1025 1125 1204 1189 quem
1232 1105 1410 1167 iidem
1443 1107 1758 1170 voluerant
1778 1110 1939 1172 docti
1967 1112 2120 1184 viri,

169 1209 304 1252 non
328 1190 649 1251 admodum
690 1189 1122 1251 necessariam:
1162 1188 1425 1264 scilicet,
1463 1210 1555 1251 nec
1589 1208 1648 1276 φ
1683 1193 1866 1265 voles,
1905 1193 1990 1253 ait
2013 1192 2122 1255 Se-

166 1290 327 1337 neca
343 1317 363 1346 ,
406 1274 545 1333 hane
570 1272 907 1351 Maecenatis
924 1269 1227 1332 sententiam
1246 1269 1304 1331 in
1338 1291 1524 1351 aspero
1552 1291 1604 1332 et
1626 1275 1826 1353 probo,
1869 1272 1970 1354 (id
1991 1292 2114 1348 est,

161 1376 267 1437 pro
304 1374 491 1435 aspero
522 1371 574 1413 et
602 1354 768 1437 probo
784 1399 806 1426 ‚
846 1351 945 1415 vei
964 1398 983 1429 ,
1023 1371 1291 1433 tamquam
1326 1374 1566 1435 asperum
1603 1370 1654 1413 et
1669 1354 1939 1439 probum)
1977 1360 2120 1437 quod

169 1458 269 1519 ego
304 1434 401 1495 tibi
423 1436 571 1497 debeo
592 1482 613 1507 ‚
652 1435 901 1516 accipere·

260 1518 435 1577 Pac.
462 1516 562 1577 61.
592 1517 630 1577 l.
667 1539 727 1590 4.
764 1515 1215 1579 adeone-illandus
1258 1516 1539 1577 amicos.
1589 1514 1748 1577 Vide
1787 1536 1862 1579 ne
1901 1536 2114 1580 verum

169 1598 254 1661 sit
288 1602 367 1659 ad
385 1598 577 1660 concil.
616 1621 655 1659 a
671 1601 815 1659 nim
832 1620 939 1670 os,
956 1598 1120 1681 quod
1139 1597 1317 1659 habet
1349 1616 1458 1660 ms,
1480 1599 1628 1679 Arg.
1649 1599 1702 1659 b.
1734 1598 1864 1663 Par.
1888 1624 1944 1660 a.
1971 1602 2023 1660 b.
2058 1604 2113 1661 d.

168 1700 317 1744 cum
336 1679 465 1741 aliis
485 1680 792 1762 plerisque.
818 1678 1193 1743 Postremum
1212 1680 1434 1743 vocab.
1453 1678 1624 1741 abest
1648 1696 1752 1741 ms.
1775 1701 1822 1742 c.
1841 1699 1902 1743 et
1927 1682 2025 1745 ed.
2040 1684 2119 1745 A.

171 1780 253 1823 ne
270 1762 331 1823 id
363 1762 605 1843 quidem
638 1760 810 1823 male.
892 1764 933 1823 l.
969 1760 1025 1823 8.
1046 1762 1323 1823 conlocata
1346 1760 1432 1841 (s.
1457 1759 1761 1843 collocata)
1798 1778 1961 1824 recte
1979 1764 2119 1825 edd.

170 1849 331 1911 vett.
352 1860 495 1905 cum
510 1862 647 1907 mse.
672 1842 974 1906 omnibus.
994 1842 1309 1924 Pei-peram
1332 1841 1522 1925 vulgo
1546 1843 1774 1917 collata,
1793 1860 1830 1905 a
1846 1842 2114 1912 Murem.

844 1976 1251 2042 EPIST.
1308 1968 1483 2041 ΧΧ.

259 2108 333 2170 L.
362 2124 388 2167 r
406 2126 457 2169 r.
486 2106 644 2167 varia
666 2130 735 2168 ae
757 2106 995 2182 volubili.
1032 2104 1263 2169 Placuit
1289 2105 1440 2185 hoc,
1467 2105 1631 2191 quod
1654 2105 1816 2172 dedit
1844 2125 1952 2170 ms.
1981 2130 2028 2170 c.
2059 2122 2124 2169 et

173 2189 263 2252 ed.
293 2190 379 2252 A.
404 2188 611 2271 Vulgo
640 2188 797 2250 varia
822 2206 920 2249 aut
943 2188 1123 2251 volub-

258 2271 434 2333 Pac,
453 2272 550 2333 62.
576 2270 615 2331 l.
640 2288 691 2349 3.
725 2286 785 2330 ut
810 2270 933 2353 ipsa
952 2271 1087 2331 inter
1108 2291 1162 2331 se
1180 2268 1297 2329 vira
1322 2270 1480 2331 unius
1504 2288 1616 2332 etc.
1647 2268 1948 2333 Sententia
1981 2272 2122 2333 satis

172 2353 525 2438 perspicua,
562 2352 747 2418 verba
779 2370 903 2412 non
929 2352 1067 2414 satis
1088 2352 1386 2435 expedita.
1427 2352 1687 2416 Variant'
1701 2352 1838 2416 libri
1862 2398 1882 2429 ,
1908 2352 2011 2416 sed
2039 2354 2121 2416 ita

172 2453 247 2498 ut
267 2434 417 2496 nihil
436 2434 586 2497 certi
601 2434 894 2496 extricare
910 2435 1093 2498 liceat.
1125 2433 1382 2497 Forsan:
1409 2454 1471 2496 ut
1488 2436 1610 2518 ipsa
1629 2437 1767 2498 inter
1784 2460 1840 2497 se
1863 2437 1979 2497 vita
2010 2459 2121 2497 una

172 2517 250 2578 sit
261 2563 284 2591 ,
319 2518 486 2578 unius
512 2516 625 2576 sine
649 2519 915 2579 actionum
944 2516 1265 2578 dissensione
1287 2517 1475 2578 coloris
1492 2541 1517 2592 ,-
1546 2519 1672 2579 sive
1686 2561 1704 2590 ,
1731 2540 1869 2593 unus
1888 2519 2122 2581 omnium

174 2596 453 2661 actionnim
471 2601 632 2661 color.
715 2600 755 2660 l.
772 2600 830 2662 6.
852 2614 911 2660 ιιι
924 2598 1049 2678 ipse.
1082 2597 1390 2680 Perperam
1407 2597 1597 2682 vulgo
1617 2617 1680 2661 ut
1697 2618 1744 2661 et
1758 2602 1891 2681 ipse.
1966 2601 2006 2661 l.
2030 2620 2051 2658 1
2068 2617 2118 2679 3.

176 2683 412 2764 regulam
434 2682 663 2764 prende.·
683 2685 954 2762 praetende
976 2679 1069 2744 ed.
1089 2679 1169 2742 A.
1202 2698 1338 2742 cum
1366 2699 1477 2742 ms.
1498 2705 1546 2744 c.
1571 2698 1632 2741 et
1653 2679 1778 2742 Par.
1803 2683 1859 2745 d.
1891 2682 2126 2762 specio-

176 2782 277 2824 se:
323 2765 425 2825 sed
451 2762 733 2824 scholion
755 2763 908 2824 inter
948 2762 1130 2822 lineas
1170 2780 1279 2824 ηις.
1314 2787 1363 2824 c.
1400 2764 1722 2846 apprehende
1749 2763 1824 2822 ad
1856 2763 2119 2824 eamdem

174 2845 537 2925 scripturam
562 2846 753 2927 prende
781 2839 1068 2918 refertur&
1100 2862 1283 2923 quarn
1309 2845 1363 2903 h.
1393 2843 1430 2904 1.
1455 2844 1586 2905 edd.
1614 2863 1751 2906 cum
1777 2844 1903 2906 aliis
1931 2844 2123 2905 msstis

172 2942 414 3002 tenent,
446 2944 559 3008 pro
586 2943 665 2987 eo
691 2927 853 3006 quod
873 2923 1018 2986 alias
1048 2941 1141 2986 est
1158 2927 1425 3006 prehende:
1457 2921 1637 2987 Conf.
1670 2923 1860 2988 Praef.
1887 2946 1948 3006 p.
1983 2941 2118 3004 257.

170 3011 219 3069 l.
256 3029 355 3090 29.
378 3009 511 3068 Non
529 3025 703 3090 potest
730 3007 881 3070 enim.
912 3006 1263 3069 particulam
1297 3009 1470 3080 enim,
1501 3025 1656 3088 quae
1682 3005 1883 3068 aberat
1905 3007 2124 3089 vulg03

176 3089 397 3151 dedere
420 3089 482 3150 h.
506 3089 545 3150 l.
572 3107 710 3150 mss·
726 3091 777 3151 b.
804 3110 853 3150 c.
874 3088 1003 3149 Par.
1034 3112 1089 3149 a.
1116 3090 1168 3151 b.
1195 3091 1251 3150 d.
1278 3106 1338 3152 et
1372 3088 1470 3149 alii
1504 3087 1716 3171 optimi
1749 3089 1994 3170 quique.

259 3170 438 3231 PAG.
461 3169 559 3248 63.
582 3171 619 3231 l.
646 3189 705 3248 7.
733 3173 913 3234 turbae
928 3169 1307 3250 familiarium.
1335 3172 1515 3232 turbae
1530 3169 1798 3249 familiari
1815 3217 1832 3241 ,
1857 3190 1891 3230 a
1925 3167 2122 3231 Gron.

174 3252 663 3314 commendatum
700 3252 921 3335 recepit
952 3250 1162 3313 Ruhk.
1200 3251 1532 3332 Vulgarum
1567 3254 1756 3314 tenuit
1785 3253 1995 3312 Matth.
2021 3250 2125 3314 Nil

172 3335 251 3395 ad
281 3335 340 3395 h.
371 3333 411 3394 1.
447 3348 730 3394 notarunt
762 3333 889 3394 alii:
928 3333 1073 3394 mire
1104 3352 1255 3395 vero
1292 3334 1481 3395 nostri
1507 3333 1710 3408 mssti‚
1741 3335 1918 3394 turbae
1940 3332 2121 3412 fiami-

175 3416 401 3479 liarium
426 3417 540 3476 sive
574 3416 645 3476 rei
661 3411 1018 3494 familiarium
1055 3415 1200 3498 Arg.
1229 3417 1282 3475 b.
1317 3415 1447 3477 Par.
1475 3439 1530 3476 a.
1564 3417 1616 3476 b.
1665 3417 1841 3475 turbae
1867 3412 2124 3492 familia·

176 3501 255 3560 ris
294 3499 415 3560 sive
456 3498 529 3557 rei
550 3495 855 3576 familiaris
887 3514 995 3556 ωε.
1035 3519 1082 3558 c.
1126 3514 1186 3556 et
1231 3495 1321 3558 ed.
1359 3496 1441 3556 A.
1485 3497 1664 3556 turbae
1689 3493 1966 3574 familiari
2012 3495 2122 3554 sive

176 3582 256 3640 rei
265 3578 535 3661 familiari
568 3577 697 3641 Par.
724 3581 775 3638 d.
826 3575 1011 3640 Conf.
1050 3575 1298 3639 Gruteri
1340 3579 1397 3638 A
1445 3577 1617 3659 pend.
1701 3578 1740 3636 l.
1781 3575 1840 3636 8.
1882 3577 2002 3656 ipsa
2051 3601 2124 3637 se

164 3678 382 3744 pascet.
433 3659 531 3721 Sic
553 3659 692 3721 edd.
718 3657 854 3719 inde
888 3658 960 3720 ab
986 3657 1256 3721 Erasmo.
1298 3656 1371 3720 Se
1439 3677 1653 3720 verum
1685 3658 1919 3720 videtur
1957 3657 2122 3738 quod

174 3743 403 3805 habent
434 3742 721 3803 editiones
757 3741 1049 3824 principes
1074 3759 1210 3803 cum
1242 3759 1384 3804 mss,
1419 3743 1471 3800 b.
1503 3764 1550 3803 c.
1577 3740 1710 3801 Par.
1733 3761 1790 3800 a.
1815 3741 1871 3802 b.
1901 3742 1957 3800 d.
1993 3741 2121 3801 Pal.

170 3848 285 3889 sec.
313 3843 378 3887 et
414 3824 525 3886 Col.
560 3827 681 3908 ipsa
716 3840 775 3882 te
804 3839 989 3904 pascet
1006 3847 1026 3883 .·
1072 3841 1202 3902 quo
1232 3820 1364 3883 dein
1400 3820 1686 3896 refertur,
1725 3817 1848 3884 a'ut
1882 3824 2029 3901 'quod
2063 3841 2124 3882 ιιι

170 3924 295 3970 etc.
330 3907 392 3970 id
425 3924 553 3985 est,
594 3925 695 3968 aut
732 3905 832 3991 (si
850 3903 935 3966 illi
956 3905 1205 3989 gratiam
1238 3904 1347 3966 tibi
1370 3921 1498 3966 non
1525 3902 1875 3986 retulerint)
1899 3921 1960 3964 ιιι
1972 3925 2125 3986 pau-
