2759 4825
653 377 784 478 ¹78
1009 375 1092 448 L.
1141 369 1594 445 ANNAEI
1638 369 2204 485 SENECAE*

643 537 874 619 davit3
919 532 1081 621 sed,
1125 533 1291 604 huic
1334 531 1461 603 ubi
1502 531 1807 602 nimium
1848 529 2255 617 indulseris,
2288 527 2529 599 vitium

643 661 763 716 est.
819 643 1288 736 Voluptatem
1338 654 1588 710 natura
1636 639 2021 710 necessariis
2068 639 2285 710 rebus
2322 636 2529 708 admi·

639 753 861 838 scuit,
905 773 1056 822 non
1106 765 1188 822 ut
1225 743 1423 818 illam
1464 762 1907 842 peteremus,
1946 745 2073 819 sed
2116 763 2199 817 ut
2236 769 2345 832 ea,
2393 745 2528 816 sine

639 855 904 955 quibus
950 881 1109 929 ’non
1156 881 1523 952 possumus
1552 855 1788 926 vivere
1808 907 1831 942 ‚
1882 854 2177 952 gratiora
2218 853 2421 926 nobis
2454 853 2530 922 il·

636 973 772 1042 lius
816 969 1070 1040 faceret
1115 966 1453 1040 accessio:
1510 967 1565 1038 si
1602 989 1734 1036 suo
1768 965 2004 1036 veniat
2039 965 2193 1034 iure
2206 1009 2235 1054 ,-
2268 961 2524 1032 luxuria

637 1095 757 1152 est.
812 1079 997 1176 Ergo
1047 1077 1471 1148 intrantibus
1518 1075 1907 1148 resistamus
1934 1125 1959 1161 ,
2020 1073 2189 1167 quia
2240 1070 2526 1157 facilius,

635 1187 958 1274 ut-dixi,
1007 1209 1156 1258 non
1202 1185 1684 1278 recipiuntur,
1724 1208 1939 1276 quarn
1976 1197 2269 1252 exeunt.
2298 1224 2367 1236 -
2392 1180 2529 1250 Ali-

634 1310 1034 1388 quatenus,
1091 1291 1372 1382 inquis„
1430 1291 1725 1378 dolere,
1788 1293 2243 1384 aliquatenus
2296 1281 2525 1363 timere

631 1401 1007 1498 permitte!
1043 1437 1115 1452 —-
1151 1397 1294 1470 Sed
1315 1397 1497 1470 illud
1526 1402 1934 1495 aliquatenus
1958 1403 2181 1498 longe
2211 1399 2531 1494 produci-

629 1532 788 1598 tur3
831 1535 1005 1600 nec,
1049 1509 1348 1598 ubivis,
1403 1512 1673 1602 accipit⁴
1704 1511 1944 1582 finem.
1990 1509 2351 1605 Sapienti,
2392 1531 2525 1580 non

631 1623 931 1715 sonicite
971 1619 1324 1694 custodire
1359 1643 1470 1706 se,
1505 1637 1751 1693 tutum
1778 1640 1921 1707 est;
1965 1638 2039 1691 et
2065 1620 2371 1696 lacrimas
2392 1643 2525 1688 suas

631 1751 709 1802 et
732 1731 1178 1824 voluptates,
1217 1727 1345 1800 ubi
1373 1730 1609 1816 volet,
1645 1729 1873 1800 eistete
1914 1729 2367 1822 nobi8,5quia
2388 1749 2525 1798 non
2612 1731 2618 1738 '

631 1857 735 1912 est
756 1839 1034 1936 regredi
1065 1839 1306 1924 facile,
1353 1838 1719 1931 optimum
1748 1856 1851 1910 est
1876 1839 2181 1910 omnino
2206 1861 2357 1910 non
2374 1859 2526 1927 pro·

627 1949 851 2048 gredi.
882 1949 1255 2046 Eleganter
1287 1948 1467 2018 mihi
1496 1948 1785 2018 videtur
1807 1950 1864 2018 P
1884 1966 1937 2018 A
1958 1969 2009 2020 N
2026 1967 2081 2020 Α
2097 1969 2145 2020 Ε
2166 1967 2214 2020 ‘r
2230 1969 2263 2018 1
2283 1967 2335 2020 U
2352 1963 2389 2018 s
2432 1969 2525 2016 re-

625 2059 990 2154 spondisse
1015 2059 1547 2130 adolescentulo
1573 2058 1855 2130 cuidam
1883 2060 2287 2152 quaerenti:
2320 2059 2417 2140 An
2434 2080 2525 2126 sa

621 2173 805 2270 piens
837 2184 1174 2246 amaturus
1195 2174 1421 2238 esset?
1468 2166 1577 2237 De
1600 2168 1951 2266 Sapiente.¹
1982 2169 2264 2262 inquit,
2308 2167 2524 2240 videbi·

625 2302 812 2349 mus.-
839 2279 1000 2350 mihi
1041 2295 1104 2348 et
1144 2277 1296 2351 tibi,
1332 2281 1444 2372 qui
1472 2277 1681 2348 adhuc
1708 2304 1753 2347 a
1782 2278 2091 2376 Sapiente
2128 2279 2315 2372 longe
2354 2277 2525 2348 absu-

623 2415 811 2466 mus
857 2412 984 2461 non
1019 2407 1124 2461 est
1169 2389 1732 2465 committendum.
1786 2406 1867 2461 ut
1896 2390 2257 2461 incidamus
2296 2391 2365 2460 in
2404 2408 2522 2455 rem

627 2516 1000 2571 commotam
1018 2550 1042 2573 ,
1087 2500 1509 2595 inpotentem.
1556 2500 1757 2569 alteri
1776 2502 2268 2596 ,emancipatam
2286 2550 2311 2573 ,
2334 2496 2522 2619 'ilem

623 2606 767 2675 sibi.
807 2606 958 2679 Sive
995 2607 1160 2675 enim
1189 2628 1308 2675 nos
1339 2608 1641 2702 respicit,
1694 2604 2099 2681 humanitate
2126 2607 2264 2677 eius
2302 2604 2524 2677 inrita-

622 2738 817 2787 murs
848 2718 980 2787 sive
1009 2717 1387 2791 contemsit
1415 2716 1712 2815 superbia
1736 2717 2163 2790 accendimur.
2202 2717 2407 2811 Aeque
2413 2708 2525 2809 fa
2574 2717 2577 2721 ’

626 2824 846 2895 cilicas
884 2826 1158 2897 amoris.
1185 2848 1376 2917 quam
1418 2823 1768 2917 difficultas
1800 2828 2022 2895 nocet:
2044 2824 2415 2921 facilitate
2424 2844 2529 2891 ca-

523 2980 532 2985 ·
613 2933 872 3028 pimur,
904 2956 1046 3001 cum
1071 2932 1454 3023 difficultate
1482 2949 1819 3001 certamus.
1860 2934 2133 3027 Itaque.
2166 2933 2403 3005 conscii
2420 2952 2525 3001 no

626 3038 720 3107 bis
743 3038 1186 3110 inbecillitatis
1213 3054 1509 3113 nostrae.
1538 3042 1952 3133 quiescamus,
1994 3042 2138 3113 Nec
2164 3046 2309 3115 vino
2350 3042 2525 3135 infir-

621 3172 796 3221 mum
829 3151 1114 3218 animum
1139 3151 1649 3223 committamus.
1686 3172 1802 3219 nec
1797 3142 2121 3246 formae
2164 3174 2281 3221 nec
2310 3146 2527 3219 adula-

625 3260 826 3333 τίοηί.
864 3283 980 3329 nec
1003 3259 1156 3329 ullis
1187 3259 1374 3331 rebus
1409 3256 1634 3330 blande
1662 3257 2093 3335 trahentibus.

505 3452 514 3455 ί
586 3430 592 3437 .
720 3365 950 3474 Quod
969 3366 1335 3437 Panaetius
1362 3364 1455 3435 de
1472 3385 1716 3435 amore
1738 3364 2109 3459 quaerenti
2138 3328 2521 3461 respondit,

619 3472 763 3547 hoc
803 3498 939 3570 ego
969 3472 1062 3543 de
1101 3472 1437 3548 omnibus
1472 3470 1867 3545 adfectibus
1914 3474 2102 3545 dico.
2153 3478 2527 3599 Quantum

619 3607 994 3677 possumus
1017 3607 1181 3667 nos,
1202 3608 1242 3652 a
1267 3582 1545 3654 lubrico
1570 3584 2021 3675 recedamus3
2028 3586 2125 3666 in
2148 3587 2327 3655 sicco
2348 3600 2526 3670 quo

617 3716 768 3785 que
795 3719 1046 3787 parum
1078 3693 1350 3765 fortiter
1382 3710 1662 3765 stamus,
1694 3732 1765 3747 -
1821 3696 2165 3769 Occu-tres
2191 3690 2521 3784 hocloco

614 3801 800 3877 mihi
823 3801 942 3883 illa
974 3803 1266 3896 publica
1293 3820 1539 3886 contra
1562 3800 1839 3879 Stoicos
1873 3828 2087 3893 voce;
2134 3800 2354 3875 Nimis
2384 3819 2518 3887 ma·-
