2759 4825
625 370 1449 448 EP1sToLA
1522 375 1785 468 cxx.
2023 392 2176 490 '¹92'

223 551 452 616 matam
481 539 698 634 patris
721 557 1168 614 senectutem
1192 592 1220 628 ‚
1267 519 1589 632 adiutam
1616 542 1823 614 amici
1864 566 2179 640 paup-et·

223 665 452 720 tatem
480 702 504 739 ,
536 649 800 724 fortem
828 651 1374 745 expeditionem
1394 707 1415 740 ,
1444 652 1885 747 prudentem
1914 657 2171 730 mode-

222 757 609 853 ratamque
645 761 1096 832 sententiam.
1139 762 1274 830 Ista
1318 761 1471 834 duo
1500 761 1805 854 quidem
1834 760 2167 856 facimus,

225 869 352 940 sed
392 892 488 941 ex
533 895 702 942 uno.
753 869 961 943 Nihil
1003 885 1106 942 est
1145 870 1446 946 Bonum,
1490 870 1635 941 nisi.
1668 871 1877 964 quod
1936 873 2165 944 hone·

224 997 422 1057 §tum
442 967 585 1070 est3
619 968 1210 1076 qu0d5H0nestum
1227 997 1363 1071 est,
1406 983 1663 1074 utique
1689 983 1992 1056 bonum.
2028 983 2167 1058 Su·-

226 1114 674 1186 pervacuum
703 1091 952 1162 iudico
977 1089 1284 1162 adiicere
1306 1141 1330 1178 ,
1361 1090 1545 1183 quid
1571 1090 1759 1162 inter
1782 1081 1907 1164 ista
1933 1093 2177 1164 discri-

226 1199 444 1272 minis
487 1200 579 1269 sit
601 1235 632 1287 ,·
677 1224 912 1294 quum
953 1223 1160 1292 saepe
1202 1197 1525 1271 dixerim.
1582 1198 1743 1272 Hoc
1780 1223 2018 1272 unum
2062 1199 2173 1270 di·
2206 1269 2211 1274 .

227 1329 390 1377 cam
410 1357 433 1393 ,
475 1307 655 1378 nihil
681 1306 894 1378 nobis
926 1307 1156 1377 bonum
1181 1307 1447 1394 videri,
1500 1329 1655 1400 quo
1686 1307 1847 1399 quis
1879 1324 1968 1378 et..
1980 1309 2175 1380 male

233 1417 342 1488 uti
369 1409 653 1512 potest:
702 1415 898 1488 vides
936 1433 1176 1488 autem
1207 1467 1227 1503 ,
1267 1416 1569 1507 divitiis,
1606 1417 2021 1508 nobilitate,
2060 1419 2170 1490 vi-

229 1528 424 1600 ribus
446 1580 469 1616 ,
503 1518 728 1621 quam
761 1526 978 1600 multi
1008 1530 1192 1600 male
1223 1544 1540 1600 utantur.

327 1639 554 1712 Nunc
581 1661 756 1738 ergo
781 1639 873 1711 ad
900 1637 978 1710 id
1001 1658 1354 1728 revertor,
1384 1639 1477 1712 de
1506 1666 1659 1734 quo
1684 1641 2037 1716 desideras.
2058 1631 2185 1712 di-‘

231 1750 330 1820 ci:
382 1749 716 1863 Quomodo
765 1751 855 1822 ad
879 1774 992 1820 nos
1017 1751 1236 1848 prima
1275 1751 1449 1821 Boni
1490 1751 1887 1852 Honestique
1932 1753 2175 1825 notitia·

226 1856 612 1951 pervenerit.
655 1855 820 1940 Hoc
853 1877 983 1924 nos
1004 1870 1264 1940 natura
1289 1857 1551 1929 docete
1578 1883 1735 1934 non
1759 1861 2037 1954 potuit:
2061 1882 2171 1930 se-

230 1964 427 2035 mina
462 1962 677 2034 nobis
717 1963 1048 2035 scientiae
1078 1963 1310 2052 dedit,
1359 1966 1727 2046 scientiam·
1753 1993 1907 2041 non
1936 1967 2171 2040 dedit.

237 2075 565 2181 Quidam
609 2075 810 2148 aiunt
833 2126 858 2164 ,
896 2099 1028 2148 nos
1064 2075 1142 2146 in
1181 2075 1515 2150 notitiam
1544 2080 1867 2152 incidisse
1884 2108 1916 2168 3⁴
1956 2078 2171 2174 quod

167 2217 172 2230 ·
231 2203 330 2256 est
365 2185 840 2274 incredibile,
895 2184 1182 2258 virtutis.
1217 2189 1433 2260 alicui
1478 2191 1791 2283 speciem
1836 2215 1999 2263 casu
2042 2215 2167 2262 oc-

226 2297 556 2370 currisse:
603 2298 816 2370 nobis
857 2298 1144 2371 videtur
1187 2299 1589 2372 observatio
1636 2306 2037 2404 collegisse,
2092 2319 2169 2376 et

225 2436 472 2483 rerum
515 2434 722 2504 saepe
760 2409 1107 2483 factarum
1142 2410 1334 2489 inter
1363 2436 1437 2483 se
1466 2414 1815 2485 conlatio:
1847 2440 1977 2510 per
2002 2442 2173 2496 ana·-

229 2524 456 2616 logz’an
488 2524 712 2592 nostri
753 2521 1202 2594 intellectum
1239 2538 1313 2593 et
1351 2522 1737 2595 honestum
1780 2542 1853 2597 et
1877 2526 2169 2597 bonum

224 2632 574 2704 iudicant.
625 2632 790 2703 Hoc
817 2632 1123 2703 verbum
1167 2648 1403 2725 quum
1448 2632 1649 2703 latini
1696 2632 2167 2707 Grammatici.

229 2744 518 2815 civitate
547 2742 974 2815 donaverint
993 2796 1014 2832 ,
1061 2766 1194 2841 ego
1223 2742 1719 2815 damnandum
1752 2769 1903 2816 non
1931 2762 2118 2838 puto
2142 2794 2171 2834 ,

235 2877 370 2925 nec
405 2855 486 2939 in
523 2852 886 2932 civitatem
914 2876 1112 2923 suam
1138 2852 1655 2949 redigendum:
1694 2870 1853 2925 utar
1886 2879 2053 2951 ergo
2080 2855 2173 2925 il-

234 2966 310 3035 lo
332 3018 355 3051 ,
384 2988 539 3037 non
565 2982 851 3045 tantum
882 2978 1256 3055 tamquam
1277 2978 1615 3056 recepte,
1644 2958 1772 3037 sed
1793 2978 2171 3059 tamquam

127 3068 129 3070 ¹
237 3078 525 3147 usitato·
571 3077 782 3183 Quae
825 3076 913 3145 sit
956 3076 1129 3145 haec
1163 3074 1513 3169 analogia,
1564 3074 1821 3147 dicam.
1844 3076 2170 3147 Novera-

238 3212 397 3259 mus
422 3185 744 3279 corporis
763 3185 1134 3257 sanitatem
1154 3211 1174 3271 3
1208 3208 1300 3255 ex
1323 3185 1455 3255 hac
1478 3186 1947 3283 cogitavimus
1967 3236 1987 3272 ,
2020 3210 2170 3259 esse

235 3297 554 3391 aliquam
603 3312 676 3369 et
707 3296 950 3369 animi.
989 3295 1435 3377 Noveramus
1470 3298 1786 3391 corporis
1810 3298 2021 3383 vires3
2044 3297 2051 3315 ¹
2074 3318 2169 3367 ex

234 3408 338 3514 his
363 3406 788 3507 collegimus
810 3457 835 3496 ,
865 3432 1006 3480 esse
1036 3405 1357 3478 e-t'animi
1389 3406 1633 3481 robur.
1671 3406 1933 3499 Aliqua
1961 3405 2173 3476 beni-

241 3544 372 3617 gna
397 3518 582 3588 facta
605 3568 626 3605 ,
653 3518 894 3611 aliqua
920 3520 1232 3589 humana
1249 3567 1273 3603 ,
1315 3516 1553 3609 aliqua
1580 3516 1785 3587 fortia
1806 3568 1829 3603 ,
1870 3540 1999 3587 nos
2030 3518 2167 3586 ob-

241 3627 804 3723 stupefecerant,
847 3630 1019 3699 haec
1045 3628 1417 3721 coepimus
1452 3633 1824 3719 tamquam
1853 3624 2166 3719 perfecta

244 3737 498 3809 mirari.
549 3734 912 3820 Suberant
955 3735 1090 3806 illis
1137 3736 1366 3807 multa
1409 3735 1622 3821 vitia,
1670 3756 1857 3823 quae
1906 3736 2170 3841 species

243 3846 632 3943 conspicui¹
663 3847 958 3920 alicuius
1000 3842 1170 3917 facti
1211 3844 1599 3945 fulgorque
1636 3843 1949 3933 celab‘at3
1994 3846 2169 3917 haec
