2759 4825
569 388 1723 483 EPISTOLAXCIL
2014 428 2109 501 μ’

169 548 334 647 agit
361 553 652 622 haerens
681 550 984 638 malitia,
1017 568 1090 623 et
1125 578 1220 623 ea·
1243 554 1495 650 agitata
1528 556 1727 629 abest
1758 558 1851 629 de
1878 558 2101 635 bono.

175 660 352 731 Non
373 677 474 729 est
495 658 739 729 adhuc
754 660 1025 747 bonne,
1043 661 1166 731 sed
1191 663 1267 732 in
1298 662 1577 735 bonum
1598 664 1926 763 fingitur3
1956 671 2105 743 cui·

174 792 497 861 cumque
512 789 758 839 autem
778 766 975 838 deest
996 768 1270 860 aliquid
1289 768 1383 839 ad
1406 769 1717 860 bonum,
1738 776 1957 847 malus
1982 794 2103 849 est.

263 881 440 955 Sed,
467 883 529 949 si
554 884 663 951 cui
677 883 888 953 'virtus
915 883 1294 977 animusque
1327 884 1396 951 in
1425 906 1681 979 corpore
1704 909 2044 981 praesens,

166 992 288 1061 hic
341 992 535 1061 Deos
571 1006 870 1083 aequat3
913 990 1038 1061 illo
1080 991 1315 1061 tendit
1345 1042 1369 1077 ,
1416 993 1698 1089 originis
1739 1018 1907 1065 suae
1950 1023 2101 1069 me·
2202 1032 2211 1047 ·

166 1123 355 1171 mor.
391 1098 635 1169 Nemo
665 1097 976 1190 inprobe
1002 1122 1090 1167 eo
1119 1113 1417 1169 conatur
1454 1100 1920 1188 adscendere,
1963 1128 2101 1173 un·-

169 1206 268 1277 de
309 1207 794 1277 descenderat.
849 1206 1050 1309 Quid
1079 1222 1182 1279 est
1201 1222 1445 1279 autem
1468 1256 1491 1293 ,
1526 1231 1653 1279 cur
1680 1231 1833 1279 non
1862 1210 2105 1283 existi-

167 1342 326 1387 mes
355 1319 434 1386 in
471 1342 566 1387 eo
601 1314 830 1387 divini
865 1317 1144 1410 aliquid
1177 1318 1540 1406 exsistere,
1580 1321 1707 1411 qui
1748 1320 1885 1391 Dei
1940 1345 2095 1415 pars

173 1427 336 1499 est?
359 1428 638 1497 Totum
671 1428 844 1513 hoc,
873 1451 1023 1518 quo
1050 1428 1505 1499 continemur
1523 1480 1546 1517 ,
1580 1445 1655 1499 et
1694 1452 1925 1499 unum
1954 1448 2091 1518 est,

171 1555 250 1607 et
269 1538 507 1609 Deus:
553 1556 626 1609 et
658 1539 828 1608 socii
861 1564 1108 1609 sumus
1141 1538 1322 1627 eim,
1357 1553 1433 1609 et
1455 1539 1799 1611 membra.
1844 1540 2089 1633 Capax

171 1664 270 1719 est
297 1667 544 1721 noster
565 1650 876 1733 animu33
927 1648 1274 1741 perfertur
1308 1649 1435 1722 illo
1456 1700 1479 1736 ,
1505 1651 1561 1718 si
1588 1650 1756 1723 vitia
1792 1674 1947 1723 non
1970 1652 2097 1723 de·

163 1756 508 1850 primant.
561 1755 1210 1861 Quemadmodum
1253 1777 1647 1849 corporum
1680 1774 2093 1830 nostrorum

164 1868 460 1937 habitus
499 1867 825 1965 erigitur,
877 1884 950 1939 et
991 1883 1262 1961 spectat
1302 1867 1383 1938 in
1427 1869 1753 1939 coelum:
1806 1868 1905 1937 ita
1945 1872 2097 1939 ani·

163 1996 364 2062 mue,
397 1976 552 2063 cui,
589 1975 668 2049 in
693 1994 1050 2069 quantum
1074 1979 1267 2063 vult,
1307 1976 1476 2047 licet
1501 1975 1814 2071 porrigi,
1848 1977 1925 2048 in
1952 1980 2095 2049 hoc

163 2106 206 2157 a
233 2104 491 2159 natura
525 2110 766 2159 rerum
803 2086 1144 2157 formatus
1177 2102 1320 2175 est,
1360 2101 1445 2156 ut
1468 2088 1659 2179 paria
1692 2086 1843 2158 Diis
1874 2090 2093 2177 velit,

163 2197 290 2266 etsi
316 2215 570 2267 utatur
595 2196 732 2266 suis
757 2194 1168 2284 viribus‚ac
1191 2220 1264 2266 se
1288 2196 1364 2278 in
1392 2194 1701 2287 spatium
1726 2220 1937 2269 suum
1972 2219 2095 2267 ex-

163 2304 435 2373 tendat.
463 2304 542 2375 N
547 2327 647 2375 on
668 2305 892 2376 aliena
914 2304 1024 2373 via
1053 2304 1148 2374 ad
1171 2326 1451 2373 summa
1474 2303 1759 2388 nititur3
1795 2326 2091 2401 magnus

172 2431 311 2486 erat
333 2415 588 2502 labor,
614 2416 716 2488 ire
737 2417 814 2488 in
837 2419 1159 2487 coelum:
1189 2414 1409 2486 redit!
1455 2414 1529 2484 in
1558 2414 1697 2484 hoc
1726 2410 1860 2483 i'ter
1886 2430 2095 2490 natus

167 2541 287 2596 est.
348 2525 586 2596 Vadit
625 2525 1022 2613 audaciter,
1074 2538 1481 2598 contemtor
1526 2521 1901 2606 omnium3
1952 2546 2091 2594 nec

165 2635 255 2704 ad
275 2635 664 2728 pecuniam
687 2635 964 2728 respicit
987 2661 1004 2702 ε
1045 2657 1299 2702 aurum
1318 2647 1843 2726 argentumque
1865 2678 1887 2716 ,
1922 2628 2089 2718 illis,

166 2745 242 2813 in
280 2743 903 2835 quibuseacue're,
955 2741 1266 2813 tenebris
1309 2738 1751 2835 dignissima,
1798 2762 1951 2810 non
1990 2740 2085 2810 ab

167 2852 303 2922 hoc
319 2852 646 2922 aestimat
673 2849 1054 2942 splendore
1071 2901 1092 2936 ‚
1129 2873 1284 2941 quo
1309 2845 1813 2940 inperitiarum
1838 2845 2089 2916 verbe·

171 2979 322 3032 rant
347 2963 598 3031 oculos
623 3011 646 3048 ,
669 2960 791 3034 sed
813 2983 852 3029 a
879 2977 1115 3032 vetere
1137 2979 1367 3028 coeno
1385 3007 1407 3041 ‚
1438 2980 1531 3026 ex
1554 2979 1705 3047 quo
1732 2955 1848 3025 illa
1868 2979 2091 3026 secre-
2140 2947 2145 2952 ’

169 3069 272 3141 vit
291 3067 644 3161 cupiditas
664 3086 898 3138 nostra
923 3087 998 3140 et
1025 3066 1296 3138 effodit.
1317 3064 1464 3137 Scit
1481 3115 1504 3151 ,
1530 3063 1830 3156 inquam
1850 3115 1877 3153 ‚
1898 3064 2087 3134 aliu*

173 3177 258 3248 bi
279 3176 556 3270 positas„
575 3200 716 3248 esse
753 3175 1068 3262 divitias,
1112 3194 1334 3268 quarn
1377 3197 1529 3267 quo
1555 3188 2075 3269 congeruntur3

171 3286 488 3358 animum
521 3288 780 3380 inpleri
809 3287 1068 3358 debere
1087 3337 1111 3373 ,
1145 3311 1299 3358 non
1329 3309 1580 3356 arcam.
1620 3284 1838 3355 Hunc
1870 3283 2085 3376 inpo-

171 3421 342 3469 nere
367 3397 692 3467 dominio
717 3420 960 3504 rerum
982 3397 1316 3486 omnium
1351 3395 1559 3482 licet,
1601 3393 1793 3466 hunc
1814 3392 1889 3462 in
1916 3415 2083 3484 pos·-

171 3507 540 3578 sessionem
557 3525 804 3577 rerum
831 3523 1118 3576 naturae
1139 3505 1481 3576 inducere
1502 3553 1525 3590 ‚
1558 3521 1641 3576 ut
1666 3527 1791 3574 sua
1816 3502 2082 3570 Orien·-
2144 3499 2149 3506 ’

172 3616 256 3685 tis
275 3615 838 3707 occidentisque
860 3615 1178 3686 terminis
1211 3614 1451 3702 finiat,
1486 3613 1963 3702 Deorumque
1988 3610 2085 3682 ri-

171 3739 254 3794 tu
275 3743 532 3795 cuncta
559 3723 948 3817 possideat3
979 3749 1210 3816 quum
1231 3724 1490 3818 opibus
1510 3721 1647 3792 suis
1682 3720 1942 3791 divites--
1958 3745 2079 3792 su-

165 3855 376 3934 perne
425 3833 814 3928 despiciat,
859 3857 1180 3928 quorum
1219 3855 1442 3906 nemo
1484 3847 1813 3904 immun
1852 3829 2081 3907 laetus
