2759 4825
621 397 1435 496 EPIS‘roLA
1519 401 1775 474 cxv;
1915 367 1928 374 ’
2026 431 2153 502 171

199 583 457 655 quarn
492 580 628 632 nec
668 561 984 630 multum
1026 584 1317 654 capere,
1362 555 1496 634 ne'c
1534 562 1661 632 diu
1694 559 1929 654 possit.
1967 563 2163 636 Nihil

199 687 480 740 tamen
522 691 754 760 aeque
775 668 909 738 tibi
937 669 1286 762 profuerit
1313 671 1405 739 ad
1436 671 1975 761 temperantiam
2004 695 2162 742 om-

203 780 441 851 nium
467 802 706 856 rerum
728 831 749 866 ‚
788 803 1020 872 quam
1059 779 1395 872 frequens
1418 778 1755 878 cogitatio
1798 779 2027 851 brevis
2049 804 2163 850 ae-

210 889 303 958 vi
327 939 352 974 ‚
391 904 470 958 et
514 888 724 957 huius
765 887 1038 958 incerti.
1079 885 1477 991 Quidquid
1506 889 1751 979 facies,
1778 889 2041 984 respice
2065 889 2161 959 ad

211 1011 569 1070 mortem.
601 994 794 1069 Vale.
821 1037 826 1046 -

700 1125 1349 1202 EPISTOLA
1414 1129 1669 1203 CXV.

216 1257 435 1312 Contra
448 1257 602 1312 nimis
614 1239 861 1312 sermonis
879 1271 968 1312 aut
982 1259 1087 1311 stili
1105 1259 1288 1311 aanos
1304 1276 1317 1310 τ
1335 1271 1393 1310 et
1407 1241 1585 1311 minuii
1600 1259 1701 1312 hoc
1712 1259 2012 1316 animiesse.
2029 1259 2161 1313 Cum

358 1347 551 1402 fiducia
573 1349 886 1402 scribendum
914 1350 1353 1418 loquentiumque,
1377 1350 1490 1402 sine
1510 1351 1741 1418 quaesito
1764 1363 1967 1402 ornatu.
1992 1351 2159 1416 Quem

359 1439 422 1491 'm
439 1441 612 1490 animo
630 1440 806 1508 potius
821 1452 1010 1507 specta.
1041 1440 1094 1494 Ο
1111 1441 1272 1508 qualis
1294 1441 1411 1503 ille,
1430 1441 1517 1495 ubi
1533 1441 1764 1496 Virtutes
1782 1459 1899 1496 eum
1916 1445 2161 1495 excolue-

356 1530 514 1584 ›cuntl
539 1547 716 1583 omnes
734 1531 788 1582 in
807 1547 1026 1592 amorem
1045 1530 1244 1598 rapiat,
1277 1530 1324 1584 si
1347 1532 1571 1598 conspici
1598 1533 1784 1598 possit.
1824 1533 1897 1584 At
1916 1545 2157 1586 externus

361 1619 470 1678 iste
486 1622 730 1690 splendor
757 1621 944 1682 falsus,
974 1633 1066 1676 aut
1085 1611 1228 1672 nihili
1260 1634 1371 1684 est:
1400 1624 1521 1674 item
1541 1639 1713 1678 aarum
1744 1639 1891 1674 omne
1919 1635 1973 1676 et
1998 1639 2161 1689 pecu-

357 1710 476 1773 nia,
514 1730 644 1780 quae
663 1713 913 1764 miramur.
941 1713 1058 1766 Non
1089 1711 1285 1765 faciunt
1311 1713 1437 1767 haec
1458 1712 1634 1774 felices
1650 1749 1665 1778 ,
1686 1726 1775 1768 aut
1796 1730 2039 1768 securos:
2064 1713 2160 1765 im-

365 1818 456 1855 mo
477 1804 782 1867 etmiseros,
802 1816 856 1856 et
872 1802 1197 1857 miserandos.

651 1944 991 2022 SENECA
1029 1915 1280 2018 Luciiia
1311 1970 1425 2018 suo
1456 1933 1769 2018 Salutem.

231 2051 558 2186 NlMls'
583 2109 886 2182 anxium
930 2137 1070 2184 esse
1117 2127 1189 2181 te
1224 2110 1401 2181 circa
1440 2110 1657 2181 verba
1700 2123 1773 2180 et
1800 2107 2159 2204 composi·

230 2219 563 2308 tionem,
593 2222 700 2294 mi
718 2221 992 2312 Lucili,
1025 2224 1234 2294 nolo-t
1269 2220 1499 2290 habeo
1529 2221 1791 2289 maiora
1818 2245 2003 2312 quae
2024 2243 2157 2288 cu-

233 2351 366 2399 res.
402 2329 725 2433 Quaere,
763 2330 942 2423 quid
969 2331 1257 2416 scribas,
1297 2353 1448 2399 nou
1486 2324 2150 2431 quemadmodum·
2132 2375 2152 2410 ,

237 2452 315 2507 et
341 2437 508 2507 hoc
528 2436 811 2553 ipsum,
855 2460 1008 2509 non
1035 2456 1117 2510 ut
1147 2438 1435 2523 scribas,
1466 2437 1591 2507 sed
1637 2454 1715 2507 ut
1742 2436 2025 2506 sentias.
2075 2450 2159 2506 ut

237 2543 359 2612 illa
381 2593 404 2629 ,
447 2566 646 2635 quae
667 2544 994 2632 senseris,
1048 2546 1266 2641 magis
1301 2544 1609 2636 adplices
1637 2544 1814 2631 tibi,
1862 2550 1935 2612 et
1958 2544 2159 2611 velut

237 2652 487 2749 signes.
517 2652 1060 2747 Cuiuscumque
1085 2654 1477 2725 orationem
1508 2654 1758 2725 videris
1786 2650 2159 2723 sollicitam

243 2777 318 2832 et
345 2762 643 2854 politam
669 2813 690 2850 ,
733 2762 905 2833 scito
933 2764 1258 2845 animum
1285 2786 1583 2853 quoque
1612 2786 1761 2831 non
1798 2761 2033 2831 minus
2060 2762 2159 2827 es*—

243 2880 322 2941 se
363 2873 625 2965 pusillis
661 2890 1112 2966 occupatum.
1164 2872 1620 2967 Magn'usille
1662 2867 2007 2940 remissius
2048 2868 2159 2935 lo·-

247 2980 498 3075 quitur
519 2972 959 3051 etse-curius:
1017 3002 1522 3073 quaecumque
1572 2978 1791 3063 dicit,
1836 2978 1995 3068 plus
2034 2976 2159 3044 ha·-

245 3086 426 3159 be'nt
461 3088 799 3174 fiduciae,
845 3112 1062 3181 quam
1097 3112 1323 3158 curae.
1363 3084 1573 3156 Nosti
1616 3085 2021 3177 complures
2047 3082 2161 3152 iu-

249 3222 502 3284 venes,
552 3198 770 3268 barba
798 3216 866 3267 et
895 3222 1103 3267 coma
1139 3196 1445 3286 nitidos„
1490 3196 1581 3265 de
1617 3195 1893 3287 capsula
1924 3209 2119 3265 totos.
2132 3218 2155 3276 3

247 3311 424 3381 nihil
453 3312 544 3380 ab
570 3310 1093 3401 illis-speraveris
1135 3310 1362 3398 forte,
1394 3310 1575 3380 nihil
1604 3304 1933 3380 solidum.
1978 3306 2161 3374 Ora·
2242 3312 2255 3319 ‘

246 3418 350 3489 tio
378 3419 872 3507 vultoeanifnssi
909 3435 1008 3489 est
1022 3446 1040 3487 ε
1073 3418 1126 3486 si
1167 3419 1640 3491 circumtonsa
1668 3432 1770 3485 est
1797 3462 1819 3500 ‚
1851 3430 1923 3483 et
1964 3411 2159 3481 fuca-

249 3548 354 3615 ta,
378 3548 452 3603 et
484 3528 919 3615 manufacta,
945 3528 1262 3599 ostendit*
1287 3530 1489 3611 illum
1518 3546 1817 3617 quoque
1847 3542 1993 3591 non
2022 3544 2161 3591 esse

248 3628 638 3723 sincerum,
687 3653 758 3709 et
795 3636 1054 3705 habere
1083 3634 1366 3727 aliquid
1400 3634 1583 3703 facti.
1632 3632 1803 3701 Non
1828 3628 1933 3701 est
1952 3649 2162 3703 orna-

245 3766 584 3819 mentum
598 3748 849 3834 virile,
894 3748 1350 3817 concinnitas„

289 3853 420 3926 Si
456 3857 672 3929 nobis
695 3856 1018 3928 animum
1041 3856 1223 3927 boni
1249 3857 1378 3929 v-iri
1400 3851 1684 3927 liceret
1664 3832 2053 3946 inspicere,
2075 3852 2159 3921 οΞ
