2759 4825
691 357 846 453 {70⁴
1135 364 1493 431 NOTAE
1544 365 1651 431 IN
1696 298 2156 435 SENtECAE

682 512 922 577 omnibus
949 511 1135 575 exitus
1165 529 1356 575 manet.
1436 513 1479 575 l.
1520 532 1599 587 ²4
1626 529 1717 593 sq.
1756 512 1957 591 interna
1998 511 2121 583 vis,
2149 510 2423 589 flatusque
2450 527 2609 589 prae-

683 595 816 659 clusi
852 594 1121 655 violentia.
1152 590 1349 657 Tenui
1377 590 1493 657 boc
1532 612 1567 655 a
1592 592 1933 655 doctissimo
1972 588 2195 653 Mattb.
2236 608 2309 651 ex
2348 586 2613 661 coniect.

681 674 946 739 editum:
985 692 1098 735 nec
1127 672 1275 737 male
1304 692 1459 737 vero
1494 671 1911 756 Rubkopfius,
1947 671 2149 733 interna
2172 670 2259 731 vis
2273 714 2297 745 ,
2336 673 2612 749 flatusque

674 755 937 839 praeclusi
963 778 1029 817 ac
1059 753 1296 819 daunai.
1336 754 1547 837 Vulgo
1568 753 1711 817 olim
1730 799 1752 829 ,
1788 756 1993 815 interna
2012 754 2068 813 νὶ
2080 756 2323 833 flatuque
2347 752 2610 833 praeclus-

680 860 748 900 sa
771 836 1000 899 violenti.
1025 834 1140 899 Sed
1163 838 1529 917 visflamsquae
1548 836 1726 899 habet
1743 853 1851 899 ms.
1871 857 1925 895 a.
1954 852 2091 897 cum
2120 832 2282 897 Pinc.
2307 849 2479 895 tenet
2495 850 2607 893 au-

679 932 797 981 tem
825 918 1106 1000 praeclusa
1126 916 1360 981 violenti.
1440 918 1483 979 l.
1523 916 1618 979 26.
1652 915 1947 979 namium
1963 915 2019 977 in
2036 914 2215 975 abdito
2243 914 2474 975 vastior.
2514 912 2609 976 Sic

679 1020 738 1061 a.
765 1018 814 1061 c.
836 1002 910 1061 R.
933 999 1012 1060 A.
1050 996 1156 1061 ubi
1191 1014 1267 1061 ex
1303 996 1613 1080 praecedd.
1648 1012 1709 1060 et
1732 1015 1895 1079 seqq.
1924 995 2087 1065 facile
2115 994 2373 1057 violentia
2396 993 2611 1057 subin-

681 1078 1069 1161 telligebatur.
1107 1078 1239 1141 Nec
1259 1097 1412 1141 vero
1437 1078 1703 1161 displicet
1722 1096 1987 1141 vastorum
2002 1119 2028 1151 ,
2068 1076 2235 1159 quod
2254 1076 2319 1139 in
2347 1095 2607 1140 suorum

677 1160 982 1239 nonnuliis
1023 1175 1320 1241 repererat
1365 1158 1695 1223 Pincianus.
1733 1160 1821 1221 vis
1862 1159 2068 1222 vastior
2101 1156 2279 1221 edidit
2318 1156 2536 1219 Ruhk.
2573 1176 2607 1219 e

681 1240 876 1304 msstis
892 1286 915 1319 ,
941 1257 1010 1305 ut
1046 1242 1170 1315 ait;
1249 1259 1366 1303 uos
1388 1239 1630 1323 quidem
1655 1259 1764 1303 nec
1780 1239 1921 1383 tixse
1940 1239 2316 1312 nominavit,
2347 1256 2469 1299 nec
2490 1256 2605 1300 nos

680 1321 838 1385 ullos
872 1320 1173 1393 novimus.
1281 1320 1397 1383 ude
1428 1322 1516 1383 vis
1550 1322 1754 1403 posuit
1852 1321 2001 1383 atth.
2045 1320 2267 1386 omissa
2300 1337 2467 1381 voce
2502 1342 2605 1380 va-

679 1402 844 1476 stior,
863 1420 1042 1485 quam
1062 1400 1196 1464 libri
1223 1419 1421 1465 tamen
1446 1419 1654 1465 omnes
1682 1418 2036 1485 agnoscunt.
2116 1403 2155 1463 l.
2176 1400 2279 1462 28.
2302 1399 2360 1464 in
2388 1422 2506 1481 qua
2522 1400 2605 1461 ni-

677 1482 758 1543 bil
781 1498 900 1545 etc.
942 1480 1034 1545 Sic
1057 1504 1113 1545 a.
1133 1506 1181 1545 c.
1205 1484 1284 1543 R.
1304 1483 1384 1544 A.
1431 1481 1637 1565 Vulgo
1670 1508 1707 1545 a
1738 1506 1843 1566 qua
1868 1497 1984 1547 etc.
2084 1483 2129 1543 1.
2164 1502 2259 1563 30.
2294 1482 2501 1543 eiecerit
2530 1501 2603 1544 ex

581 1620 586 1629 ,
679 1562 906 1626 Mureti
941 1562 1103 1626 coni.
1137 1556 1362 1644 primus
1404 1582 1539 1627 rece
1582 1566 1631 1630 it
1664 1564 1930 1647 Lipsius,
1969 1561 2105 1626 dein
2144 1563 2239 1626 ed.
2272 1558 2519 1645 Bipont‘.
2542 1579 2603 1626 et

677 1642 886 1707 Ruhk.
936 1642 1010 1707 Et
1057 1663 1092 1707 e
1129 1662 1174 1709 o
1209 1644 1328 1707 boc
1375 1663 1517 1727 prae
1542 1644 1822 1715 erendum
1868 1642 2123 1708 iudicavi
2151 1642 2420 1725 ,vulgato
2457 1644 2599 1707 olim

676 1726 946 1807 egesserit,
1010 1662 1134 1789 ηοξ
1153 1725 1391 1807 quidem
1416 1743 1650 1789 veteres
1674 1724 1808 1791 libri
1844 1724 2061 1789 dabant
2081 1771 2103 1801 ,
2124 1742 2185 1788 et
2206 1723 2397 1802 ¹tacite
2422 1730 2600 1789 revo-

675 1818 922 1870 caverat
1015 1824 1146 1868 ron.
1193 1804 1379 1888 Saepe
1421 1805 1696 1871 homines
1723 1807 1857 1883 isti,
1919 1824 2135 1870 uorum
2164 1806 2436 1869 manibus
2460 1806 2599 1882 olim

677 1887 946 1971 exempla
985 1888 1194 1949 harum
1237 1886 1637 1969 Epistularum
1680 1889 1889 1971 multip
1912 1890 2060 1951 icata
2106 1903 2247 1975 §unt
2265 1929 2285 1963 ‚
2329 1888 2600 1951 dictantis

677 1986 896 2031 vocem
923 1967 1118 2029 minus
1157 1983 1319 2031 recte
1355 1970 1739 2051 accipientes,
1774 1970 2003 2033 literam
2032 1990 2073 2053 g
2107 1986 2181 2031 et.
2209 1970 2275 2043 i,
2311 1968 2512 2031 itemc
2543 1986 2601 2033 et

675 2069 740 2123 s,
780 2048 876 2111 vel
913 2072 1012 2122 ss,
1060 2048 1211 2127 inter
1239 2066 1304 2111 se
1353 2065 1777 2132 permutarunt.
1848 2050 1947 2114 Sic
1986 2069 2103 2133 pro
2144 2050 2362 2113 eodem
2413 2048 2601 2113 verbo

675 2129 857 2202 eiecit,
895 2128 1002 2210 Ep.
1037 2144 1242 2191 xxw.
1265 2128 1344 2207 78
1363 2175 1386 2204 ‚
1405 2149 1465 2208 7.
1509 2131 1672 2215 quod
1693 2148 1853 2195 recte
1875 2128 1959 2194 ibi
1986 2146 2192 2195 noster
2220 2130 2361 2195 cod.
2389 2132 2531 2213 Arg.
2546 2134 2596 2193 h.

675 2210 866 2273 tenuit
880 2255 902 2285 ,
925 2214 1112 2304 egessit
1141 2210 1411 2273 scribitur
1437 2210 1498 2271 in
1534 2212 1627 2275 ed.
1647 2212 1730 2277 A.
1758 2229 1817 2275 et
1840 2232 2009 2275 novo
2040 2211 2362 2277 accedente
2394 2230 2595 2275 errore

676 2290 937 2373 egressuri:
962 2308 1021 2352 tn
1043 2310 1150 2354 ms.
1167 2314 1212 2353 c.
1233 2293 1547 2373 quomodo
1576 2292 1668 2355 bic
1700 2295 1959 2376 egresserit
1973 2292 2247 2357 scribitur
2275 2293 2335 2355 in
2358 2310 2598 2357 vetusto

675 2389 887 2435 nostro
907 2390 1018 2434 ms.
1030 2395 1088 2436 a.
1105 2371 1325 2435 Obiter
1347 2371 1442 2436 hic
1456 2374 1850 2440 observemus
1862 2422 1883 2451 ,
1898 2394 1933 2440 e
1948 2373 2371 2438 vetustissimis
2390 2376 2596 2448 msstis,

677 2467 861 2535 atque
876 2455 1050 2516 etiam
1074 2472 1111 2515 e
1130 2454 1433 2518 codicibus
1448 2456 1643 2517 multo
1667 2456 2089 2520 vetustioribus
2101 2475 2287 2538 quam
2302 2457 2388 2530 bi,
2406 2457 2513 2541 qui
2527 2457 2595 2518 ad

678 2551 928 2597 aetatem
962 2549 1222 2596 nostram
1252 2551 1690 2616 pervenerunt,
1723 2554 2081 2620 propagatos
2110 2555 2237 2600 esse
2270 2536 2414 2600 illos
2446 2557 2597 2600 erro-

676 2633 769 2678 res
780 2659 806 2701 ,D
837 2615 1008 2696 quie
1041 2615 1190 2676 male
1235 2625 1476 2698 accepta
1521 2616 1797 2680 dictantis
1834 2637 1991 2682 voce
2033 2619 2156 2680 nati
2188 2634 2349 2682 sunt.
2402 2617 2593 2692 Tum,

675 2695 840 2837 guod
872 2695 950 2756 ad
990 2713 1256 2760 nostrum
1297 2715 1407 2758 ms.
1442 2721 1499 2759 a.
1542 2715 1805 2780 spectat,
1860 2699 2000 2770 illud
2032 2717 2287 2773 moneo,
2330 2701 2500 2782 quod
2540 2699 2593 2760 in

725 2775 874 2864 raet}
900 2783 1143 2840 monere
1164 2777 1391 2841 oblitus
1412 2798 1543 2842 sum
1565 2825 1587 2855 ,
1610 2779 1872 2844 codicem
1906 2781 2063 2844 bunc
2081 2825 2103 2854 ‚
2137 2797 2442 2843 vetustate
2468 2781 2595 2861 qui-

675 2855 812 2921 dem
853 2872 1240 2939 praestantem
1281 2859 1407 2922 aliis
1447 2859 1727 2924 omnibus
1746 2907 1766 2936 ‚
1804 2862 1881 2922 ab
1918 2878 1997 2924 eo
2038 2860 2281 2922 homine
2314 2879 2453 2924 esse
2494 2880 2594 2922 ex·-

675 2954 902 2999 aratum
918 2984 938 3016 ,
959 2939 1066 3020 qui
1085 2959 1292 3005 eorum
1317 2959 1473 3021 quae
1490 2941 1767 3005 scriberet
1788 2941 2347 3026 nibilintellexerau
2380 2942 2469 3004 ita
2496 2943 2594 3012 im-

675 3019 866 3100 perite
903 3017 1240 3102 frequenter
1290 3025 1479 3083 verba
1522 3022 1720 3104 (quae
1756 3023 1817 3086 in
1853 3021 2209 3105 exemplari,
2258 3028 2431 3106 quod
2468 3043 2594 3086 ante

673 3097 890 3160 oculos
917 3099 1234 3174 habuerat,
1282 3103 1459 3165 nullis
1488 3103 1814 3168 interstitiis
1842 3103 2109 3167 distincta
2152 3103 2442 3186 fuerant)
2501 3105 2591 3166 vel

673 3175 873 3261 iungit
913 3178 1011 3240 vel
1043 3169 1317 3262 disiung'it
1337 3225 1358 3255 ,
1411 3183 1719 3279 multaque
1760 3185 1874 3248 alia
1909 3185 2235 3248 verborum
2269 3204 2334 3248 et
2371 3187 2594 3250 oratio-

671 3259 770 3322 nis
799 3276 1064 3322 monstra
1110 3261 1369 3326 ostendit
1406 3281 1479 3324 ex
1503 3264 1725 3328 inscitia
1761 3280 2063 3360 prognata.
2116 3264 2350 3330 Contra
2370 3311 2391 3341 ,
2440 3268 2591 3329 idem

675 3342 869 3403 codex
896 3341 1090 3404 multo
1115 3341 1370 3406 rariores
1386 3387 1407 3419 ,
1446 3362 1625 3425 quam
1645 3346 1742 3407 alii
1766 3345 1893 3408 libri
1914 3391 1937 3421 ,
1966 3345 2463 3426 interpolationes
2496 3349 2591 3410 ba-

675 3420 823 3507 bet3
863 3421 1006 3482 nihil
1042 3442 1119 3485 ex
1146 3424 1375 3485 scribae
1420 3425 1659 3506 ingenio
1700 3442 2031 3504 mutatum3
2070 3429 2357 3508 plurimas
2401 3447 2589 3492 autem

675 3503 1017 3566 verissimas
1058 3503 1344 3566 lectiones
1374 3523 1449 3568 ex
1477 3507 1803 3570 vetustiore
1840 3508 2163 3592 exemplari
2194 3527 2557 3594 propagatas
2573 3557 2591 3586 ,

677 3583 783 3646 ubi
812 3584 1079 3663 corrupti
1111 3601 1247 3647 sunt
1287 3587 1647 3651 recentiores
1681 3589 1833 3652 libri.
1935 3623 1947 3639 κ

761 3663 934 3727 Pac.
959 3683 1054 3729 ιι.
1076 3667 1118 3728 l.
1141 3686 1236 3745 27·
1268 3666 1316 3728 si
1343 3667 1442 3728 tibi
1476 3668 1681 3751 longior
1709 3687 1868 3737 recte
1892 3691 2009 3740 ms.
2026 3696 2082 3734 a.
2114 3670 2243 3736 Alii
2276 3671 2477 3756 vulgo
2513 3691 2589 3746 et,

673 3740 726 3838 st·
759 3743 862 3802 tibi
891 3762 1006 3808 etc.
1098 3748 1140 3807 1.
1177 3766 1272 3830 29·
1306 3750 1402 3830 qui
1438 3765 1489 3810 te
1536 3753 1968 3836 circumstrepunt.
2011 3751 2329 3838 Perperatn
2380 3778 2519 3839 quae
2549 3773 2614 3829 τε,

672 3845 792 3888 arc.
821 3824 911 3888 ed.
934 3824 1092 3910 Lips.
1118 3843 1181 3890 et
1203 3847 1369 3914 seqq.
1400 3829 1603 3897 invitis
1630 3832 1839 3899 msstiS.
1961 3835 1965 3840 ’
