2759 4825
541 394 676 464 '7²
943 362 1026 443 L.
1074 358 1532 439 ANNAEI
1580 358 2125 437 SENECAE

581 524 776 599 enim
791 521 886 598 ad
898 539 1124 597 totam
1145 522 1511 617 pertinent
1532 524 1771 600 vitam.
1817 522 2065 595 Virtus
2086 536 2157 595 et
2182 522 2493 594 aliorum

576 635 865 707 scientia
887 651 988 705 est
1006 683 1029 717 ,
1059 650 1132 705 et
1159 633 1283 705 sui.
1309 632 1749 705 Discendum
1774 631 1869 704 de
1892 634 2040 726 ipsa
2062 646 2203 718 est,
2233 649 2313 706 ut
2341 631 2497 725 ipsa

573 740 892 815 discatur.
941 738 1152 819 Actio
1173 757 1360 819 tecta
1387 763 1539 811 non
1562 741 1693 813 erit
1712 789 1735 826 ,
1758 739 1891 811 nisi
1906 758 2093 811 recta
2122 738 2335 812 fuerit
2356 764 2497 809 vo·-

573 856 838 925 luntas=
877 852 968 923 ab
1019 852 1148 923 hac
1187 852 1385 923 enim
1424 871 1529 923 est
1568 851 1777 923 actio,
1822 849 2115 936 Rursus,
2158 847 2511 933 voluntas.

573 986 728 1038 non
779 962 913 1037 etit
957 977 1177 1050 recta,
1209 962 1342 1033 nisi
1386 962 1669 1036 habitus
1706 960 1925 1034 animi
1962 976 2193 1031 rectus
2234 958 2495 1031 fuerit:

571 1072 666 1147 ab
714 1073 854 1145 hoc
889 1072 1084 1151 enim
1129 1089 1232 1143 est
1256 1074 1607 1145 voluntas.
1659 1067 1964 1147 Habitus
2006 1091 2221 1162 porro
2264 1066 2499 1140 animi

572 1207 726 1257 non
753 1183 884 1255 erit
912 1182 988 1257 in
1031 1180 1314 1275 optimo
1337 1230 1360 1268 ,
1404 1179 1534 1251 nisi
1561 1179 1779 1251 totius
1813 1179 1999 1253 vitae
2039 1178 2223 1273 leges
2250 1200 2502 1269 perce-

572 1290 800 1385 perit,
837 1306 912 1369 οε
931 1340 955 1377 ,
983 1287 1164 1381 quid
1189 1287 1283 1359 de
1315 1310 1619 1379 quoque
1661 1284 2128 1358 iudicandum
2159 1285 2283 1371 sit,
2320 1309 2500 1357 exe·

570 1402 788 1498 gerit,
820 1400 951 1470 nisi
982 1423 1086 1471 res
1118 1396 1211 1469 ad
1235 1420 1488 1471 verum
1521 1396 1889 1493 redegerit.
1933 1396 2105 1467 Non
2134 1395 2499 1491 contingi-t

571 1507 1062 1601 tranquillitas,
1085 1504 1214 1581 nisi
1238 1504 1665 1595 inmutabile
1684 1520 2106 1598 certumque
2132 1503 2493 1578 iudicium

467 1622 476 1633 '
570 1613 888 1707 adeptisz
945 1612 1158 1695 ceteri
1206 1613 1555 1691 decidunt
1598 1613 1904 1699 subinde
1923 1663 1946 1701 ,
2003 1628 2077 1683 et
2116 1634 2501 1707 reponun-

573 1726 732 1809 ευτ’,
771 1739 846 1795 et
869 1724 1052 1798 inter
1079 1722 1284 1799 missa,
1315 1722 1782 1815 adpetita‘que
1808 1724 2091 1807 alternis
2131 1721 2499 1803 fluctuan-

571 1845 710 1909 tur.
741 1830 960 1901 Causa
987 1854 1216 1924 usque
1235 1830 1625 1903 iactationis
1650 1846 1785 1919 est,
1816 1830 2022 1925 quod
2052 1830 2232 1901 nihil
2253 1831 2507 1923 liquet-

568 1939 1028 2013 incertissimo
1055 1941 1397 2037 regimine
1438 1939 1845 2027 utentibus,
1890 1939 2097 2014 fama.
2138 1939 2211 2011 Si
2236 1940 2335 2011 vis
2377 1964 2497 2011 ea-

569 2047 736 2123 dem
773 2076 1052 2145 semper
1079 2053 1300 2137 velle,
1348 2075 1509 2123 vera
1536 2067 1826 2145 oportet
1850 2052 2036 2126 velis.
2081 2050 2199 2122 Ad
2228 2076 2489 2125 verum

564 2157 716 2231 sine
761 2157 1055 2232 decretis
1103 2182 1256 2231 non
1304 2161 1753 2251 pervenitur3
1807 2159 2187 2233 continent
2234 2162 2487 2235 vitam.

567 2264 766 2339 Bona
787 2284 863 2341 ‚et
881 2269 1063 2345 mala
1086 2316 1110 2354 ,
1143 2268 1441 2340 honesta
1466 2284 1539 2345 et
1570 2267 1804 2361 turpia
1828 2320 1853 2356 ,
1881 2269 2061 2339 iusta
2088 2290 2159 2339 et
2182 2269 2438 2341 iniusta
2459 2322 2483 2355 ,

565 2376 686 2470 pia
723 2394 797 2448 et
840 2377 1074 2471 inpia,
1125 2378 1419 2452 virtutes
1459 2404 1769 2472 ususque
1811 2384 2203 2466 vixtutum3
2240 2396 2489 2454 retum'

567 2487 1118 2561 commodatum
1151 2489 1487 2582 possessio
1507 2538 1529 2576 ,
1561 2489 1991 2561 existimatio
2030 2513 2109 2562 ac
2138 2490 2489 2587 dignitas,

563 2595 931 2682 valitudo,
960 2596 1184 2682 vires,
1227 2596 1493 2684 forma,
1530 2597 2255 2694 sagacitassensuum3
2304 2591 2487 2676 h'aec

560 2705 810 2778 omnia
821 2707 1338 2782 aestimatorem
1360 2705 1777 2778 desiderant.
1796 2705 1989 2802 Scire
2010 2709 2238 2794 liceat,
2262 2733 2491 2801 quan·

559 2813 620 2885 ti
665 2812 995 2907 quidque
1047 2816 1124 2886 in
1170 2839 1465 2900 censum
1516 2809 2153 2918 deferendumjit.
2182 2811 2491 2892 'Falleris

561 2921 755 2997 enim
773 2972 796 3008 ‚
821 2941 895 2997 et
918 2922 1138 3016 pluris
1163 2923 1554 3016 quaedam,
1588 2948 1805 3018 quam
1828 2943 2036 3012 sunt,
2074 2942 2317 3018 putas:
2354 2927 2485 2998 ad·
2548 2921 2552 2926 ’

559 3051 798 3120 eoque
833 3028 1094 3112 ,falleris
1117 3081 1140 3118 ‚
1195 3050 1323 3118 ut,
1366 3057 1551 3124 quae
1592 3035 1903 3108 maxima
1950 3035 2133 3106 inter
2176 3059 2309 3109 nos
2350 3037 2481 3108 ha·-

560 3135 829 3212 bentut
846 3187 870 3224 ,
897 3137 1220 3227 divitiae,
1247 3143 1459 3237 gratia
1478 3191 1501 3227 ‚
1527 3144 1849 3236 potentia
1870 3196 1891 3230 ‚
1916 3145 2231 3219 sestertio
2256 3156 2478 3218 num*

559 3271 686 3323 mo
719 3249 1150 3324 aestimanda
1179 3250 1336 3320 sint.
1359 3251 1524 3325 Hoc
1552 3253 1849 3340 nescies,
1876 3255 2005 3327 nisi
2024 3257 2475 3329 constitutio-

557 3385 730 3435 nem
751 3360 970 3455 ipsam
991 3411 1013 3445 ,
1059 3386 1202 3455 qua
1229 3364 1350 3437 ista
1379 3363 1567 3438 inter
1594 3389 1667 3436 se
1703 3366 2189 3452 aestimantur,
2234 3367 2481 3460 inspe-

555 3471 759 3546 xeris.
829 3471 1478 3574 Quemadmodum
1528 3472 1701 3550 folia
1738 3475 1968 3554 virere
2012 3501 2142 3570 per
2186 3463 2256 3551 se
2313 3501 2473 3551 non

554 3597 880 3671 possunt3
930 3605 1208 3656 ramum
1245 3581 1685 3669 desiderant,
1728 3585 2323 3674 cuiinhsereant,
2375 3613 2479 3664 ex.

516 3709 710 3777 ·quo
749 3688 1027 3764 trahant
1069 3715 1400 3776 succum:
1466 3692 1561 3765 sic
1607 3692 1732 3767 ista
1771 3711 2181 3791 praecepta,
2228 3697 2283 3770 si
2324 3699 2481 3774 sola

555 3809 752 3883 sunt,
790 3817 1144 3889 warenn
1177 3799 1374 3901 infigi
1403 3804 1663 3886 voiunt
1698 3820 1938 3886 sectas.
1996 3901 2003 3910 .

1583 4127 1617 4149 S
