2759 4825
678 368 834 495 ’,ι’
1216 360 2035 471 PRAEFATIO.

678 563 791 627 nisi
814 574 1118 645 postrema
1142 572 1318 638 pars,
1346 574 1417 617 ac
1451 572 1526 616 ne
1551 555 1702 617 haec
1721 552 1964 635 quidem
2005 551 2274 635 integra,
2292 549 2588 615 contine·

678 675 797 721 tur.
839 652 1019 717 Periit
1048 650 1211 711 enim
1248 648 1363 729 (ac
1395 646 1606 709 nescio
1641 664 1720 709 an
1745 646 1864 707 iam
1893 646 2082 707 olim·
2065 664 2132 707 ιιι
2172 664 2254 707 eo
2277 644 2594 725 exempla·

634 752 641 760 '
678 748 763 825 ri,
802 746 879 811 de
908 762 1037 827 quo
1052 742 1388 823 descriptus
1413 753 1510 801 est
1549 737 1744 801 codex
1775 752 2017 814 noster,
2049 736 2430 801 desideratus
2455 733 2596 800 fue·

676 840 807 921 rit)
840 838 1069 923 primus
1102 833 1458 918 quaternio,
1495 831 1604 913 qui
1635 830 1967 914 Epistolam
2001 844 2298 894 mxxxix.
2324 846 2394 893 et
2413 831 2592 915 prio-

679 952 809 998 rem
840 948 1066 1017 partem
1106 926 1414 1013 Epistolae
1445 937 1558 993 xc.
1589 941 1718 989 erat
1751 925 2142 1009 complexum
2177 928 2363 991 cuius
2389 926 2455 987 in
2487 925 2594 987 lo·

678 1050 853 1106 cum,
882 1048 959 1093 ne
992 1025 1295 1091 deiectum
1316 1042 1454 1088 sese
1475 1024 1674 1129 primo
1699 1023 1926 1087 intuitu
1953 1022 2242 1106 proderet
2257 1023 2454 1086 codex
2467 1038 2592 1084 no-

680 1136 845 1195 ster,
880 1118 1243 1183 substitutus
1274 1133 1369 1181 est
1403 1116 1628 1199 primus
1651 1115 1974 1198 quaternio
2009 1114 2344 1178 vohtminis
2377 1115 2592 1197 primi,

680 1213 891 1277 eadem
930 1212 1043 1293 (ut
1086 1208 1373 1291 videtur)
1409 1224 1626 1283 manu,
1663 1206 1968 1271 sitnfflmis
2003 1222 2170 1271 certe
2209 1206 2432 1270 calam
2469 1207 2592 1271 dn-

681 1306 916 1380 eribus,
960 1304 1185 1385 quibus
1202 1303 1524 1387 sequentia
1537 1346 1560 1378 ,
1601 1302 1970 1386 descriptus·
1953 1346 1976 1376 ,
2021 1320 2166 1383 quo.
2189 1302 2591 1367 continentur

680 1397 847 1461 Pauli
868 1394 1147 1479 Apostoli
1170 1411 1235 1459 et
1264 1395 1562 1469 Senecae,
1595 1412 1754 1477 quae
1769 1395 1912 1457 olim
1939 1393 2328 1474 ferebamur,
2355 1393 2590 1479 episto·

678 1493 775 1555 iae
794 1536 817 1567 ,
848 1488 1255 1555 cumduabus
1276 1490 1574 1573 prioribus
1603 1487 1882 1572 Epistolis
1915 1488 1992 1549 ad
2028 1485 2322 1549 Lucilium
2356 1502 2430 1549 et.
2447 1502 2590 1569 par·

680 1582 995 1647 texet-tiae
1017 1578 1353 1665 Epistulae,
1378 1581 1446 1644 in
1482 1582 1634 1644 haec
1657 1580 1846 1643 verba
1871 1578 2189 1645 desinente
2207 1622 2228 1652 ,
2265 1578 2486 1641 alterum
2503 1596 2590 1639 tu-

682 1676 815 1737 rim.
852 1676 951 1739 Sic
966 1692 1208 1757 utrosque
1230 1706 1315 1725 -
1342 1694 1500 1759 quae
1519 1674 1708 1738 verba
1731 1676 1796 1737 in
1826 1690 2034 1737 nostra
2055 1674 2200 1739 edit.
2223 1674 2354 1738 vol.
2376 1674 2427 1737 1
2455 1694 2515 1757 p.
2533 1692 2592 1749 7.

682 1769 728 1833 l.
758 1770 821 1833 6.
846 1767 927 1832 ab
958 1768 1068 1833 ult.
1098 1768 1398 1851 leguntur.
1437 1768 1600 1831 Tum
1630 1786 1782 1832 vero
1819 1768 2122 1831 secundus
2151 1768 2482 1851 quaternio
2513 1766 2589 1829 ab

682 1860 776 1927 his
815 1862 1085 1947 abmptis
1131 1861 1332 1924 verbis
1382 1862 1628 1943 incipit,
1669 1864 1826 1923 reuda
1865 1862 2076 1925 artibus
2113 1860 2365 1941 ficimus.
2421 1860 2592 1944 Suffi-

684 1955 759 2017 cit
804 1960 881 2017 ad
914 1957 973 2017 id
1004 1974 1197 2017 natura
1230 1968 1349 2017 etc.
1401 1972 1558 2035 quae
1593 1970 1734 2019 sunt
1775 1973 1852 2017 ex
1891 1954 2158 2039 Epistola
2191 1970 2307 2017 xc.
2349 1952 2482 2022 vol.
2513 1954 2592 2019 11.

681 2064 873 2113 nostr.
906 2048 1003 2113 ed.
1030 2068 1089 2131 p.
1124 2068 1183 2125 7.
1212 2048 1251 2111 l.
1274 2070 1331 2131 9.
1362 2047 1600 2113 Dehinc
1637 2064 1842 2113 autem
1879 2051 2176 2113 continuo
2203 2064 2428 2115 tenore
2451 2052 2591 2113 reii-

684 2161 845 2226 quae
881 2160 1096 2205 omnes
1128 2141 1461 2227 Epistoiae,
1493 2160 1654 2226 quae
1679 2144 1836 2209 etin
1867 2143 1994 2207 aliis
2029 2142 2342 2207 codicibus
2377 2144 2460 2205 ad
2484 2159 2592 2207 ae-

686 2254 871 2303 tatem
912 2252 1186 2301 nostram
1236 2254 1642 2319 pervenerunt
1665 2283 1686 2314 ,
1739 2254 2098 2319 sequuntur.
2143 2236 2478 2301 Caeterum
2521 2238 2592 2301 de

577 2323 582 2328 ’
684 2330 867 2395 huius
886 2328 1131 2395 Codicis
1158 2332 1520 2416 praestantia
1549 2331 1636 2393 nil
1663 2352 1820 2418 opus
1843 2347 1939 2395 est
1973 2350 2042 2395 ut
2071 2331 2245 2417 plura
2273 2330 2375 2393 hic
2401 2331 2592 2395 verba

590 2495 594 2500 .
684 2423 939 2489 faciam:
976 2426 1081 2508 qui
1114 2442 1406 2508 quantum
1435 2424 1609 2488 nobis
1641 2427 1718 2491 ad
1753 2425 2122 2490 emendanda
2159 2424 2411 2507 vulgata
2447 2425 2595 2508 Epi-

686 2516 980 2580 stolarum
1028 2516 1237 2580 barum
1260 2515 1622 2599 exemplaria
1659 2517 1986 2582 contulerit
2006 2562 2027 2592 ,
2059 2535 2137 2580 ex
2163 2514 2394 2580 criticis
2420 2513 2597 2578 Notis

684 2610 908 2674 nostris
934 2609 1176 2672 abunde
1218 2608 1600 2692 intelligetur.
1638 2609 1806 2674 Illud·
1827 2627 1898 2674 ut
1934 2627 2212 2674 moneam
2249 2627 2382 2672 non
2414 2607 2597 2672 fuerit

683 2704 765 2766 ab
797 2704 925 2766 hoc
959 2702 1103 2768 loco
1147 2698 1441 2777 alienum,
1491 2701 1900 2788 superesse‘in
1941 2703 2161 2768 eodem
2197 2704 2408 2766 codiee
2443 2703 2597 2766 clara
2663 2756 2666 2760 Α

684 2799 941 2882 vestigia
984 2798 1219 2863 veteris
1258 2796 1702 2862 distributionis
1752 2798 2156 2880 Epistolarum
2219 2797 2491 2862 Senecae
2537 2798 2596 2860 in

686 2892 1027 2979 complures
1046 2891 1231 2955 libros
1242 2913 1263 2967 ;
1292 2909 1452 2974 quae
1473 2889 1814 2952 distributio
1841 2908 2028 2972 quum
2049 2890 2172 2951 iam
2200 2890 2275 2951 A.
2295 2887 2486 2954 Gellii
2505 2911 2599 2954 ae-

687 3002 813 3048 tate
842 2983 1061 3046 fuisset
1078 2985 1141 3046 in
1165 3003 1318 3058 usu,
1358 2984 1421 3050 in
1449 2982 1750 3068 plerisque
1792 2981 2010 3074 deinde
2039 2981 2352 3046 codicibus
2389 2983 2596 3066 negle-

686 3093 787 3141 cta
820 3091 919 3140 est
940 3123 960 3152 ,
1006 3079 1071 3139 in
1104 3077 1233 3140 aliis
1262 3095 1420 3140 vero
1455 3077 1542 3140 ita
1571 3093 1838 3152 mutam,
1875 3091 1958 3142 ut
1989 3082 2130 3142 cum
2159 3095 2262 3152 ea,
2303 3097 2425 3162 qua
2451 3077 2599 3142 Gel-

683 3169 799 3233 lius
824 3187 971 3233 usus
998 3185 1126 3234 erat
1140 3215 1161 3246 ,
1204 3170 1448 3234 minime
1481 3169 1860 3234 conveniret.
1909 3168 2068 3234 Nam
2084 3217 2108 3246 ‚
2147 3189 2336 3252 quum
2371 3170 2435 3232 in
2473 3169 2600 3232 aliis

686 3263 1000 3328 codicibus
1016 3265 1165 3326 Liba·
1188 3281 1584 3329 numerentur
1601 3266 1800 3348 viginti
1821 3265 2046 3348 quinque
2059 3313 2082 3341 ,
2105 3269 2167 3328 in
2189 3267 2321 3330 aliis
2339 3284 2500 3330 vero
2521 3265 2600 3326 vi·

678 3357 819 3444 giuti
837 3361 941 3420 duo
953 3379 981 3431 ;
998 3372 1026 3435 ι,
1058 3357 1121 3419 in
1157 3349 1319 3421 nulla
1346 3375 1556 3422 earum
1577 3357 1976 3442 Epistolarum
1997 3405 2017 3436 ,
2060 3359 2300 3442 quaein
2339 3358 2474 3422 istis
2497 3375 2602 3422 co·

759 3539 782 3574 ι
805 3521 864 3574 Ῑιι
885 3537 949 3576 eo
968 3521 1081 3575 codi
1068 3538 1169 3584 ι-,οο
1170 3520 1333 3576 cuius
1351 3519 1412 3574 ad
1429 3537 1600 3575 exem·
1685 3522 1866 3576 deinde
1886 3521 2128 3577 rationem
2141 3539 2234 3590 per
2247 3517 2605 3576 Ltbmdistin-

685 3599 827 3666 plnm
854 3617 1093 3667 expressa
1112 3613 1192 3654 est
1212 3613 1361 3654 vetus
1338 3613 1416 3652 sta
1443 3599 1599 3652 editio
1685 3601 1870 3673 guendi
1888 3601 2244 3670 hasEpistolas
2259 3615 2474 3668 prorsus
2489 3600 2609 3651 omi·

638 3673 936 3743 Romana,
962 3685 1129 3750 viginti
1146 3685 1255 3750 quin
1258 3699 1398 3752 quen
1364 3697 1515 3733 nune
1517 3695 1597 3732 ra
1661 3680 1758 3738 ·sit
1784 3679 2048 3746 Muretus,
2079 3680 2269 3732 nullum
2293 3678 2408 3732 eius
2433 3677 2600 3730 vesti-

685 3761 865 3814 bantur
884 3761 1031 3814 Liba.-
1051 3763 1101 3816 in
1122 3763 1201 3816 ed·
1196 3755 1351 3817 Ven-
1371 3775 1424 3815 et
1443 3752 1538 3814 Era
1509 3777 1596 3816 a-s
1685 3777 1738 3829 gi
1720 3759 1897 3836 'um-in
1912 3759 2132 3816 vetustis
2149 3756 2409 3812 codicibus
2427 3773 2599 3828 supet-

686 3835 786 3900 ιιιι,
817 3853 923 3892 non
951 3838 1051 3894 nisi
1078 3841 1245 3912 viginta·
1270 3842 1398 3898 duo.
1413 3840 1600 3900 Totam
1686 3849 1976 3898 essemus.
2013 3837 2078 3895 Et
2097 3837 2336 3914 ignorant
2355 3851 2612 3898 eamme
