2759 4825
685 327 1495 449 EprsroL‘A
1576 376 1799 452 civ.
2058 347 2307 460 m*

275 539 425 610 sive
459 557 770 608 uxorem
795 535 948 610 eius
990 539 1346 634 [spectes]
1394 539 1723 611 moribus·
1750 539 1971 614 feram
1992 593 2017 631 ,
2062 543 2217 640 lin..

276 673 408 747 gua
435 649 893 742 petulantem
916 674 938 734 3
969 647 1115 718 sive
1139 649 1401 719 liberos
1428 651 1809 741 indociles,
1844 670 1917 725 et
1939 657 2147 726 matri
2170 703 2198 744 ,
2254 697 2307 738 ,-

272 783 492 854 quam
521 761 705 854 patri
727 810 751 847 ,
796 759 1182 830 similiores.
1219 755 1335 831 Sic
1359 762 1509 832 fere
1537 764 1759 835 autin
1781 763 1977 836 bello
2014 763 2195 852 fuit,

269 887 391 942 aut
421 871 501 941 in
535 869 958 965 tyrannide,
984 870 1211 940 autin
1245 871 1577 944 libertate
1612 873 1816 945 bellis·
1838 897 1919 944 ac
1953 889 2197 970 tyran·
2304 941 2321 953 ,

268 980 376 1050 nis
418 979 758 1053 saeviore.
812 979 1088 1076 Viginti
1127 1001 1202 1050 et
1237 997 1513 1074 septem
1550 983 1747 1052 annis
1787 999 2194 1078 pugnatum

273 1105 404 1175 θεῖς
440 1106 610 1182 post
644 1088 841 1160 finita
867 1113 1094 1176 arma,
1117 1090 1407 1188 triginta
1430 1090 1749 1186 tyrannis
1788 1114 2023 1160 noxae
2061 1091 2195 1161 de-

274 1199 422 1269 dita
445 1215 552 1270 est
573 1199 853 1289 civitas,
889 1225 982 1270 ex
1011 1201 1276 1293 quibus
1301 1202 1629 1295 plerique
1660 1199 1935 1272 inimici
1970 1215 2191 1272 erant.

273 1309 674 1386 Novissima*
705 1310 1074 1380 damn-atio
1107 1327 1210 1382 est
1251 1313 1387 1381 sub
1430 1312 1835 1407 gravissimis
1876 1311 2193 1384 nomini-

276 1419 414 1490 bus
444 1419 754 1514 inpleta:
801 1419 1076 1490 obiecta
1115 1437 1216 1490 est
1261 1435 1335 1490 et
1367 1421 1797 1542 religionum
1841 1420 2139 1491 violatio
2160 1469 2187 1506 ,

275 1541 350 1596 et
367 1526 767 1630 iugentutis
779 1529 1205 1620 corruptela,
1239 1550 1461 1619 quam
1481 1528 1843 1598 inmittere
1868 1527 1944 1597 in
1968 1527 2189 1612 Deos,

256 1635 344 1734 ¹in
369 1653 642 1727 patres,
693 1636 770 1704 in
795 1635 1318 1730 rempublicam
1361 1634 1592 1706 dictus
1634 1643 1769 1719 est'3
1812 1653 1977 1747 post
2015 1635 2223 1710 haec=

268 1765 532 1830 carcer,
573 1761 648 1815 et
669 1765 1058 1816 venenum.
1111 1745 1304 1820 Haec
1339 1769 1569 1837 usque
1591 1769 1679 1814 eo
1700 1744 2026 1813 animum
2058 1740 2191 1812 So·

271 1853 464 1926 cratis
497 1878 652 1927 non
685 1869 1111 1942 moverunt,
1151 1871 1234 1924 ut
1267 1877 1360 1922 ne
1385 1857 1671 1928 vultum
1702 1852 2002 1945 quidem
2032 1875 2189 1920 mo„

271 1960 519 2031 verint.
567 1961 774 2034 Illam
817 1960 1216 2042 mirabilem
1257 1959 1581 2045 laudem,
1626 1959 2135 2056 etsingularem
2156 2009 2185 2048 ,

269 2093 498 2163 usque
521 2071 616 2140 ad
638 2086 1042 2143 extremum
1061 2071 1388 2140 servavit:
1418 2094 1551 2140 nec
1578 2070 1978 2140 hilariorem
1998 2070 2191 2162 quis·-

265 2203 530 2270 qmm,
585 2203 722 2250 nec
769 2177 1145 2250 tristiorem
1199 2177 1540 2250 Socraten
1594 2179 1821 2263 vidit,
1803 2204 1821 2220 ·
1876 2179 2189 2273 aequalis

268 2287 442 2359 fuit
423 2313 498 2358 m
527 2306 720 2358 tanta
747 2289 1245 2380 inaequalitate
1273 2286 1621 2365 fortunae.

367 2400 490 2473 Vis
521 2401 827 2469 alterum
871 2397 1340 2489 exemplum-P
1386 2395 1649 2489 Accipe
1698 2395 1893 2467 hunc
1926 2395 2027 2465 Μ.
2060 2397 2189 2467 Ca·

266 2528 511 2581 tonem
546 2510 1012 2583 recentiorem
1033 2557 1066 2595 ,
1105 2532 1274 2579 cum
1303 2532 1457 2599 quo
1496 2526 1567 2577 et
1602 2504 1921 2577 infestius
1956 2505 2220 2577 fortw·

265 2642 354 2693 na
381 2625 566 2719 egit,
607 2620 1159 2714 etpertinacius.
1201 2618 1342 2689 Cui
1365 2642 1604 2710 quum
1646 2617 1985 2688 omnibus
2012 2616 2189 2688 locis

263 2728 677 2815 obstitisset,
721 2728 1100 2807 novissime
1151 2742 1222 2797 et
1269 2726 1344 2795 in
1398 2743 1675 2811 morte-3
1726 2726 2037 2797 ostendit
2079 2744 2189 2797 ta·-

267 2837 740 2922 men,virum-
777 2836 1036 2907 fortem
1075 2857 1280 2927 posse
1305 2832 1531 2901 invita
1573 2833 1865 2904 fortuna
1901 2835 2183 2921 vivere,

265 2926 496 3017 ini-ita
517 2946 710 3018 mori.
761 2944 950 3027 Tota
991 2944 1092 3013 illi
1123 2959 1306 3013 aetas
1330 2940 1557 3013 autin
1586 2941 1796 3012 armis
1820 2961 1921 3013 est
1943 2958 2185 3025 exacta

259 3052 587 3127 civilibus
606 3076 782 3143 ‚aut
799 3058 884 3127 -in
903 3074 1136 3126 aetate
1163 3054 1623 3147 concipiente
1646 3054 1787 3125 iam
1816 3052 2023 3125 civile
2045 3055 2189 3128 bel·

262 3169 438 3237 lum.
464 3168 556 3242 Et
581 3170 778 3239 hunc
801 3168 966 3239 licet
989 3168 1174 3237 dicas
1203 3190 1356 3237 non
1384 3167 1661 3253 minus,
1690 3189 1911 3267 quarn
1936 3164 2185 3265 Socra*

265 3292 390 3346 ten
415 3328 436 3363 ,
476 3276 548 3349 in
609 3278 948 3355 servitute
1001 3273 1254 3346 vixisse
1271 3282 1300 3358 '3
1371 3270 1503 3345 nisi
1550 3272 1741 3343 forte
1780 3274 1914 3344 Cn.
1970 3274 2184 3343 Pom-

259 3386 508 3480 peium
536 3438 559 3473 ,
597 3403 696 3467 et,
713 3386 1068 3457 Caesarem
1085 3436 1107 3473 ,
1154 3403 1225 3456 et
1253 3384 1817 3485 Crassum-putas
1843 3381 2183 3455 libertatis

261 3494 486 3565 socios
521 3494 750 3567 fuisse.
791 3498 1029 3567 Nemo
1075 3512 1437 3565 mutatum
1488 3494 1878 3579 Catonem,
1920 3490 2183 3561 totiens

268 3622 538 3678 mutata
565 3608 934 3698 republica
954 3659 975 3694 ,
1008 3606 1223 3695 vidit:
1257 3603 1598 3676 eumdem
1622 3626 1695 3678 se
1716 3604 1795 3673 in
1822 3600 2025 3673 omni
2048 3614 2183 3679 stn-

263 3726 340 3803 tu
373 3713 759 3805 praestitit,
795 3713 870 3783 in
907 3732 1236 3807 praetura
1259 3764 1281 3800 ,
1313 3714 1393 3781 in
1432 3713 1749 3805 repulsa,
1790 3710 1865 3780 in
1904 3733 2183 3781 accusa-
2224 3722 2235 3731 ’

259 3816 457 3888 tione-
483 3868 508 3909 ,
535 3820 614 3892 in
639 3821 1006 3913 provincia
1022 3870 1045 3909 ,
1077 3820 1150 3891 in
1181 3820 1569 3908 concione,
1602 3818 1679 3889 in
1704 3816 2015 3890 exercitu
2031 3868 2055 3909 ,
2096 3819 2177 3889 in
