2759 4825
756 426 1425 495 ΕΡῙς-τοιΑΜ
1490 428 1588 495 11.
2009 430 2130 511 267

204 572 381 637 ‘crebro
411 572 586 635 medic.
622 590 743 635 tent.
776 590 853 635 ex
887 572 1074 635 tribus
1102 566 1296 635 msstis
1322 588 1626 635 enotatum
1667 592 1700 635 a
1730 570 2000 639 Grutero
2034 594 2126 638 ar-

194 656 399 737 'ripuit
427 648 661 736 Lipsius
684 699 703 730 ‚
734 672 795 715 et
828 670 1072 715 tenuere
1100 673 1239 735 post
1264 654 1423 716 illum
1451 655 1708 717 editores
1739 674 1986 730 omnes,
2027 658 2126 718 in-

206 735 393 798 ficere
417 735 717 797 inculcato
736 754 813 814 egr
834 736 1313 816 interpretatione
1336 737 1638 798 vocabulo
1655 780 1675 811 ,
1706 738 1863 817 quod
1887 738 2126 801 minime

207 817 693 879 desiderabatur:
722 835 855 877 nam
874 861 893 889 ‚
924 834 999 876 ex
1031 814 1289 879 Senecae
1308 834 1506 878 mente
1526 864 1546 893 ,
1573 836 1765 878 tentare
1801 818 1976 899 (sive
1997 838 2126 880 tem·-

171 897 182 909 '
200 898 402 980 ptare)
443 897 815 960 medicamenta
840 897 993 959 idem
1031 898 1190 960 valet
1220 918 1288 960 ac
1328 899 1420 972 id,
1454 898 1618 979 quod
1663 900 1840 961 modo
1869 900 2128 976 dixerat,

204 976 383 1041 crebro
402 1000 597 1041 mutare
625 979 859 1040 remedia.
894 977 1070 1040 Aliud
1096 979 1682 1060 interpretamentum
1699 1026 1716 1055 ‚
1741 980 1923 1061 paulo
1945 983 2124 1041 etiarn

204 1060 628 1133 commodius,
677 1059 933 1122 Senecae
978 1061 1183 1121 verbis
1204 1058 1539 1135 ⁶infulciunt
1588 1060 1684 1121 alii
1726 1062 1848 1123 duo
1888 1062 2158 1125 codices·

206 1141 475 1203 eiusdem
504 1136 748 1205 Gruteri
769 1185 788 1216 ,
826 1142 913 1203 sic
950 1140 1262 1216 habentes,
1307 1142 1365 1203 in
1398 1164 1500 1224 quo
1533 1142 1898 1203 medicamenta
1923 1143 2128 1204 ‹liversa

204 1236 494 1285 tentantur.
1138 1284 1153 1299 ,

294 1306 337 1366 l.
369 1323 459 1388 19.
488 1323 549 1367 ut
572 1307 631 1365 in
663 1306 889 1365 transitu
914 1304 1103 1387 prosit.
1132 1302 1337 1385 Vulgo
1366 1306 1508 1385 quod
1529 1305 1584 1364 in
1623 1304 1847 1364 transitu
1870 1324 1955 1384 pr.
2011 1303 2126 1367 Se-

210 1402 397 1447 cutus
421 1404 552 1447 sum
597 1388 1001 1449 auctoritatem
1029 1384 1245 1447 codicis
1277 1385 1462 1446 nostri
1496 1409 1552 1447 a.
1585 1386 1685 1446 cui
1722 1383 2124 1466 suffragantur

211 1467 403 1548 Ampl.
438 1484 495 1527 et
530 1484 646 1528 tres
688 1466 926 1529 codices
976 1463 1331 1548 Opsopoei,
1376 1466 1632 1547 itemque
1676 1463 1772 1527 alii
1817 1466 2122 1541 nonnulli,

208 1546 434 1609 laudati
455 1566 487 1607 a
514 1546 863 1629 Ruhkopfio
881 1593 900 1621 ‚
932 1548 1034 1625 qui
1062 1566 1253 1608 tamen
1276 1548 1402 1627 ipse
1425 1547 1728 1627 vulgatum
1757 1551 1899 1627 quod
1928 1564 2126 1609 tenen-

209 1628 354 1695 dum
392 1631 640 1723 putavit.
720 1630 758 1689 l.
793 1650 890 1690 20.
936 1629 1220 1709 Distringit
1252 1628 1495 1688 librorum
1533 1628 1827 1689 multitudo.
1867 1628 1960 1689 sic
1980 1630 2122 1711 Arg.

207 1729 263 1769 er.
284 1727 349 1771 et
368 1711 419 1769 h.
454 1728 590 1769 item
628 1710 808 1792 Ampl.
851 1728 913 1769 et
946 1710 1076 1770 Par.
1097 1711 1147 1770 h.
1170 1713 1223 1769 d.
1265 1708 1368 1789 (in
1398 1708 1526 1772 Par.
1545 1734 1600 1768 a.
1644 1726 1780 1788 pars
1818 1706 1949 1771 folii
1985 1708 2044 1770 h.
2078 1709 2119 1771 1.

204 1796 514 1851 vetustate
542 1792 818 1853 detritum
846 1806 935 1851 est
1005 1790 1258 1873 denique
1279 1788 1594 1871 Opsopoei
1628 1790 1862 1849 codices
1883 1798 2124 1865 omnes,

204 1868 458 1953 'tresque
484 1871 614 1946 alii,
656 1873 875 1953 quibus
970 1888 1199 1933 ruterus
1240 1889 1379 1932 usus
1407 1887 1517 1932 est.
1555 1869 1624 1930 ln
1651 1872 1739 1931 ed.
1776 1869 1958 1933 Rom.
1997 1888 2124 1934 erat

207 1952 483 2012 Distrahit
517 1954 760 2013 librorum
794 1952 1069 2014 multitudo
1086 1998 1109 2024 ,
1152 1952 1313 2033 quod
1350 1951 1409 2011 in
1451 1970 1577 2013 uno
1615 1970 1860 2013 suorum
1882 1969 2121 2013 -mssto-

204 2052 338 2094 rum
366 2033 661 2096 Gruterus
681 2034 916 2113 reperit.
962 2030 1122 2094 Tum
1154 2051 1305 2094 vero
1327 2031 1510 2094 editio
1539 2032 1853 2095 Tarvisina
1878 2078 1898 2107 ,
1939 2033 1994 2094 id
2021 2034 2124 2094 de-

206 2113 326 2188 dit,
369 2116 534 2195 quod
570 2114 709 2175 inde
740 2115 800 2174 in
835 2114 982 2175 alias
1012 2132 1226 2175 omnes
1264 2114 1339 2174 ad
1374 2132 1575 2175 nostra
1625 2132 1813 2194 usque
1854 2128 2120 2194 tempora

204 2214 556 2257 manaverat
575 2243 594 2271 ,
625 2196 899 2256 Distrahit
932 2196 1159 2256 animani
1185 2195 1361 2255 libror.
1395 2197 1542 2258 mult.
1585 2196 1745 2276 quod
1781 2194 1976 2276 ipsum
2012 2212 2122 2255 ex-

204 2276 372 2337 hibet
393 2278 483 2339 ed.
503 2279 580 2337 A.
608 2294 743 2337 cum
768 2292 978 2338 nostro
1012 2296 1115 2338 ms.
1139 2299 1183 2339 c.
1209 2294 1269 2337 et
1299 2294 1424 2337 uno
1449 2294 1522 2335 ex
1543 2275 1950 2346 Gruterianis‚
1980 2294 2119 2337 narn

203 2356 259 2418 in
296 2358 417 2421 alio
444 2360 734 2439 scriptura
769 2358 883 2420 ista
916 2376 953 2418 a
983 2356 1235 2420 secunda
1264 2374 1439 2419 manu
1471 2372 1596 2420 erat
1628 2356 1878 2420 invecta.
1909 2356 2120 2438 Nuper

196 2439 441 2502 demum
483 2439 867 2521 Ruhkopfius
907 2439 1193 2521 Distringit
1226 2442 1453 2500 animum
1483 2438 1706 2512 edidit,
1750 2455 1981 2520 praeter
2007 2457 2118 2500 ne·

202 2522 543 2584 cessitatem
566 2537 773 2583 tenens
801 2521 1089 2603 posterius
1104 2520 1466 2583 vocabulum
1489 2563 1507 2592 ,
1525 2523 1694 2601 quod
1715 2519 1941 2602 respuit
1959 2519 2121 2602 opti-

204 2621 445 2665 morum
487 2621 865 2683 quorumque
908 2602 1185 2664 codicum
1223 2619 1563 2664 consensus.
1662 2604 1703 2662 l.
1736 2620 1830 2662 21.
1869 2601 2004 2662 satis
2041 2619 2118 2664 est

204 2684 415 2765 scripsi
444 2684 504 2746 h.
542 2684 581 2744 1.
608 2701 743 2747 cum
781 2685 915 2766 Arg.
934 2707 990 2743 a.
1010 2685 1062 2744 b.
1089 2705 1135 2746 c.
1168 2700 1229 2746 et
1251 2684 1349 2744 ed.
1370 2683 1448 2746 A.
1485 2701 1671 2764 quum
1705 2681 1895 2762 vulgo
1924 2700 2014 2743 sat
2038 2701 2120 2744 est

204 2764 529 2845 legeretur.
557 2764 647 2826 Ex
672 2763 797 2826 aliis
829 2765 1003 2827 codd.
1036 2765 1140 2842 nilx
1156 2779 1450 2825 notatum.
1535 2765 1578 2826 l.
1616 2781 1707 2824 22.
1736 2763 1938 2842 inquis.-
1970 2762 2119 2825 Per-

204 2863 409 2926 peram
450 2846 660 2927 inquam
696 2863 803 2908 ms.
830 2848 880 2910 b.
956 2845 997 2906 l.
1030 2866 1127 2920 24.
1164 2846 1345 2906 multa.
1385 2843 1545 2924 plura
1575 2862 1682 2906 ωε.
1706 2867 1748 2906 c.
1795 2859 1858 2904 et
1899 2844 1988 2905 ed.
2025 2846 2115 2908 A.

206 2929 245 2986 l.
286 2945 382 3002 25.
425 2927 718 3008 inquinant.
750 2925 1091 3008 coinquinant
1130 2926 1224 2988 ed.
1256 2925 1437 2986 Rom.
1479 2923 1704 2987 Erasm.
1744 2941 1871 2986 tum
1911 2943 2116 2988 rursus

202 3007 295 3068 ed.
322 3007 525 3068 Ruhk.
551 3024 611 3069 et
650 3007 862 3069 Matth.
894 3027 1027 3070 cum
1064 3007 1329 3088 quinque
1350 3005 1526 3068 codd.
1548 3004 1810 3069 Gruteri.
1858 3004 2116 3087 Simplex

204 3090 462 3150 verbum
495 3108 567 3150 ex
603 3088 855 3150 Pinciani
887 3088 1043 3150 libris
1076 3105 1378 3169 receperat
1405 3086 1631 3148 Muret.
1660 3105 1720 3148 et
1747 3102 1996 3150 tenuere
2021 3087 2122 3148 alii

200 3171 463 3232 editores
494 3187 628 3231 ante
663 3169 863 3233 Ruhk.
892 3169 1390 3234 consentientibus
1417 3167 1736 3251 Opsopoei
1769 3168 1958 3244 libris,
1998 3187 2119 3230 no·-

196 3250 461 3333 strisque
481 3275 535 3311 a.
561 3252 611 3310 b.
634 3274 683 3312 c.
710 3251 894 3333 Ampl.
929 3266 991 3312 et
1018 3250 1196 3310 Paris.
1229 3250 1490 3331 itemque
1523 3250 1612 3311 ed.
1638 3251 1715 3312 A.

284 3334 325 3392 l.
358 3333 453 3394 26.
499 3332 701 3394 diverti.
736 3330 833 3395 sic
866 3332 956 3394 ed.
989 3330 1172 3393 Rom.
1208 3328 1430 3394 Erasm.
1465 3349 1602 3393 cum
1640 3347 1776 3393 mss.
1808 3332 1942 3414 Arg.
1973 3355 2028 3394 a.
2057 3332 2112 3394 b.

203 3414 399 3494 Ampl.
431 3413 608 3474 Paris.
639 3415 689 3474 b.
706 3417 760 3474 d.
786 3413 1035 3494 aliisque
1055 3414 1211 3494 apud
1232 3412 1469 3490 Opsop.
1495 3430 1557 3473 et
1585 3410 1765 3474 Grut.
1793 3412 1980 3472 deverti
2009 3412 2116 3474 da-

202 3493 306 3554 bat
338 3511 491 3556 unus
517 3513 591 3556 ex
610 3493 780 3556 codd.
805 3493 959 3575 Ops.
991 3493 1227 3554 divertere
1246 3493 1339 3555 ed.
1368 3493 1527 3554 Mur.
1555 3507 1616 3552 et
1641 3511 1802 3573 seqq.
1823 3509 1956 3552 cum
1987 3511 2113 3554 uno

204 3589 280 3633 ex
316 3573 575 3636 Pinciani
604 3575 946 3650 codicibus,
992 3592 1169 3654 quem
1209 3574 1638 3636 Scholasticum
1669 3573 1978 3635 nominare
2017 3573 2114 3636 ine

206 3657 561 3731 consuevit,
597 3675 730 3718 cum
772 3675 897 3736 quo
920 3671 979 3716 et
1014 3655 1071 3714 h.
1104 3655 1143 3715 Ι.
1172 3673 1232 3716 et
1263 3655 1608 3736 plerumque
1647 3652 1785 3715 alibi
1823 3655 2116 3716 consentit

206 3753 405 3798 noster
423 3737 563 3819 Arg.
583 3761 630 3800 c.
660 3755 719 3799 et
740 3739 832 3798 ed.
848 3737 927 3799 A.
982 3738 1225 3798 devertere
1242 3736 1432 3798 edidit
1454 3733 1866 3816 Ruhkopfius‚
1898 3735 2116 3800 nullius

202 3818 429 3880 veteris
457 3818 592 3879 vlibri
642 3819 1054 3881 auctoritatem
1104 3835 1360 3880 secutus.
1444 3819 1486 3878 l.
1531 3831 1624 3896 31.
1665 3837 1980 3896 concoquas.
2019 3816 2114 3882 Sic

201 3897 338 3962 inde
368 3900 447 3962 ab
482 3901 570 3964 ed.
598 3899 776 3963 Rom.
812 3915 1147 3964 constanter
1171 3899 1451 3963 edebatur
1469 3901 1922 3982 percommode,
1962 3915 2114 3964 con-
