2759 4825
14 2164 30 2513 -Ἣιῆ

733 401 868 472 144
1109 373 1192 448 L.
1243 369 1695 450 ΑΝΝΑΕι
1757 375 2270 454 SENECAE

717 535 942 607 aciem
979 535 1262 609 exituro
1295 536 1451 604 satis
1478 551 1619 620 est,
1662 535 1963 629 amplius
2002 561 2191 608 arma
2236 523 2613 614 desiderat?

717 648 902 746 Ergo
927 669 1058 718 nec
1081 640 1411 739 Sapiens:
1446 646 1605 716 satie
1640 645 1831 715 enim
1862 648 2043 718 vitae
2068 649 2482 736 instructus»,
2520 677 2612 724 sa-

717 763 804 832 tis
825 774 1132 830 armatus
1169 774 1292 828 est.
1311 766 1364 804 “
1396 793 1469 809 -·-
1531 756 1649 825 Ad
1679 755 1851 826 haec
1884 759 2325 849 respondeo:
2366 776 2467 845 et,
2498 765 2613 854 qui

715 867 792 939 in
813 889 1103 938 summo
1133 881 1234 936 est
1265 865 1541 951 calore,
1582 864 1685 932 illi
1710 881 2021 956 opusest
2054 865 2335 936 adiecto
2360 869 2610 956 calore,

711 997 806 1050 ut·
821 995 1186 1048 summum
1216 990 1477 1044 teneat.
1514 1013 1585 1026 --
1624 969 1767 1043 Sed
1794 975 1949 1067 ipse
1973 999 2077 1061 se,
2123 975 2365 1068 inquit
2387 1027 2409 1062 ,
2442 980 2613 1049 calor

711 1087 1057 1158 continet.
1097 1123 1170 1138 -·-
1218 1085 1541 1154 Primum
1579 1083 1897 1154 multum
1924 1085 2213 1156 interest
2253 1086 2437 1156 inter
2460 1087 2608 1175 ista,

714 1215 902 1286 quae
945 1213 1325 1283 comparas».
1384 1189 1597 1260 Calor
1634 1191 1831 1259 enim
1875 1213 2059 1262 nnus
2100 1210 2239 1279 θεῖς
2294 1185 2609 1286 prodesse

709 1303 985 1372 varium
1015 1319 1134 1369 est.
1181 1297 1464 1368 Deinde
1488 1299 1676 1366 calor
1702 1321 1853 1370 non
1888 1297 2275 1373 adiuvatur
2298 1302 2611 1374 adiectio-

707 1431 802 1478 ne
833 1407 1114 1494 caloris,
1151 1423 1233 1475 ut
1259 1409 1511 1476 caleat:
1548 1405 1843 1498 Sapiens
1870 1432 2021 1480 non
2052 1427 2295 1502 potest
2330 1414 2403 1483 in
2430 1413 2609 1482 habi·

703 1539 790 1593 tu
819 1542 982 1592 suae
1027 1521 1283 1590 mentis
1318 1538 1536 1605 stare,
1586 1519 1717 1589 nisi
1750 1521 2015 1592 amicos
2043 1521 2327 1615 aliquos
2374 1525 2607 1596 similes

703 1633 812 1703 sui
845 1633 1164 1718 admisit,
1201 1655 1371 1700 cum
1398 1629 1665 1722 quibus
1692 1629 1986 1702 virtutes
2016 1655 2170 1704 suas
2212 1635 2608 1714 communi-

705 1759 841 1816 cet.
873 1742 1122 1814 Adiice
1147 1761 1342 1811 nunc
1362 1789 1387 1826 ,
1429 1737 1641 1832 quod
1670 1740 2009 1812 omnibus
2032 1741 2221 1814 inter
2246 1770 2319 1814 se
2346 1745 2607 1816 virtuti-

703 1853 839 1924 bus
871 1852 1174 1923 amicitia
1205 1868 1324 1920 est.
1357 1849 1607 1940 Itaque
1633 1849 1967 1940 prodest,
2002 1853 2132 1944 qui
2172 1851 2465 1923 virtutes
2494 1851 2606 1920 ali-

706 1966 905 2036 cuius
931 1987 1126 2054 pares
1163 1949 1555 2047 suisamat',
1582 1960 2059 2053 amandasque
2086 1963 2395 2032 invicem
2425 1985 2607 2056 prae-

702 2089 851 2156 stat.
897 2069 1161 2139 Similia
1193 2069 1585 2150 delectant3
1623 2067 1877 2160 utique
1914 2069 2043 2140 ubi
2076 2069 2375 2141 honesta
2414 2089 2605 2157 sunt,

701 2195 778 2250 et
819 2179 1122 2272 probare
1173 2198 1251 2248 ac
1302 2177 1586 2271 probari
1641 2179 1897 2248 sciunt.
1960 2178 2395 2250 Etiamnunc
2419 2229 2442 2266 ,
2496 2179 2607 2249 Sa-

699 2289 956 2384 pientis
977 2289 1297 2360 animum
1321 2289 1545 2381 perite
1582 2311 1871 2358 movere
1898 2311 2121 2375 nemo
2150 2291 2329 2371 alius
2354 2306 2605 2384 potest,

700 2426 924 2495 quarn
953 2401 1276 2494 Sapien33
1313 2405 1495 2471 sicut
1532 2401 1905 2471 hominem
1939 2423 2235 2472 movere
2262 2402 2605 2483 rationali·

699 2532 808 2586 ter
842 2535 991 2585 non
1022 2526 1291 2608 potest,
1322 2513 1453 2581 nisi
1484 2500 1731 2581 homo.
1764 2511 2169 2615 Quomodo
2198 2538 2371 2611 ergo
2394 2514 2483 2583 ad
2510 2538 2603 2583 ra·

697 2624 973 2694 tionem
1013 2621 1446 2693 movendam
1476 2624 1747 2693 ratione
1774 2648 1955 2716 opus
1980 2640 2119 2709 est3
2162 2628 2261 2697 sic
2281 2678 2304 2715 ,
2352 2646 2435 2699 ut
2460 2652 2602 2697 mo·

697 2720 942 2803 veatur
976 2733 1156 2802 vratio
1195 2728 1545 2822 perfecta,
1596 2756 1777 2823 opus
1814 2749 1917 2803 eet
1957 2733 2235 2805 ratione
2282 2737 2598 2829 perfecta.

696 2844 1030 2913 Prodeee
1053 2844 1397 2913 dicuntui·
1434 2858 1505 2912 et
1528 2846 1659 2934 qui
1688 2845 1920 2914 media
1949 2846 2155 2915 nobis
2189 2849 2597 2943 largiuntur,

695 2952 1114 3043 pecuniam,
1151 2951 1475 3045 gratiam,
1522 2950 2091 3021 incolumitatem
2118 3004 2139 3038 ,
2178 2956 2313 3025 alia
2345 2956 2423 3025 in
2450 2977 2602 3025 usus·

693 3060 880 3139 vitae
905 3084 1053 3128 cara
1080 3076 1206 3128 aut
1233 3060 1637 3144 necessaria3
1673 3061 1749 3129 in
1772 3062 1877 3131 his
1902 3061 2182 3134 dicetur
2206 3064 2422 3137 etiam
2438 3062 2601 3135 stul·

600 3213 608 3225 x
693 3182 806 3236 tus
835 3166 1167 3259 prodesse
1209 3164 1544 3259 Sapienti.
1594 3169 1927 3239 Prodesse
1966 3186 2210 3242 autem
2255 3192 2401 3261 est,
2454 3173 2597 3245 ani-

693 3296 898 3344 mum
923 3275 1316 3347 secundum
1347 3292 1675 3346 naturam
1712 3299 2003 3349 movete
2028 3279 2297 3353 virtute
2321 3304 2485 3370 sua,
2516 3296 2599 3351 ut

685 3383 841 3453 eius
871 3384 996 3473 qui
1019 3384 1444 3454 movebitur.
1476 3386 1635 3455 Hoc
1666 3408 1817 3455 non
1844 3386 1991 3459 sine
2018 3389 2235 3482 ipsius
2258 3410 2597 3485 quoque,

639 3556 648 3561 .
693 3491 822 3585 qui
861 3491 1176 3584 proderit
1201 3544 1224 3579 ,
1261 3490 1671 3599 bono-fietx
1722 3516 1999 3567 necesse
2028 3518 2130 3569 est
2156 3502 2387 3585 enim,
2426 3501 2597 3570 alie·

690 3624 860 3670 nam
882 3601 1221 3672 virtutem
1268 3600 1667 3700 exercendo
1694 3612 2119 3677 exerceat‘et
2154 3619 2378 3677 suarm
2409 3606 2593 3693 sed,

691 3726 776 3778 ut
803 3734 1164 3783 removeas
1190 3714 1341 3799 ista,
1365 3719 1549 3805 qua‘e
1575 3730 1701 3786 aut
1726 3736 2007 3789 summa
2028 3719 2412 3791 bonammt
2430 3737 2595 3807 ,aut

687 3825 1140 3895 summorum
1179 3823 1586 3915 efficientia,
1626 3824 2088 3899 nihilominus.
2107 3824 2451 3923 prodesse
2486 3829 2595 3899 in·-
