2759 4825
585 347 1392 458 ErisroLA
1470 387 1787 462 xcrx.
2046 417 2131 492 93

207 567 576 639 umquam
609 560 758 615 tam
779 545 1082 640 turpiter
1099 595 1121 634 ,
1152 571 1370 642 quam
1392 548 1777 646 finguntur.
1806 550 1995 624 Eant
2018 579 2139 626 sua

208 671 478 748 sponte
489 679 512 740 3
549 655 649 722 ire
671 669 910 722 autem
939 671 1236 746 possunt
1266 657 1562 749 placidis
1588 674 1809 750 atque
1833 682 2141 754 compo·

209 763 377 836 sitis.
404 761 672 855 Saepe,
698 764 878 834 salva
893 762 1220 858 sapientis
1245 767 1704 850 auctoritate,
1728 765 2129 858 fluxerunt3

212 889 421 942 tanto
453 885 1024 963 temperamento
1049 919 1072 958 ,
1111 887 1192 941 ut
1217 872 1350 942 illis
1377 897 1513 944 nec
1537 875 1935 944 humanitas
1956 928 1979 964 ,
2002 899 2139 949 nec

211 981 520 1080 dignitas
545 981 829 1052 deesset.
859 981 1059 1052 Licet
1075 1031 1099 1068 ‚
1124 983 1421 1076 inquam
1440 1033 1463 1072 ,
1484 999 1779 1058 naturae
1805 984 2130 1079 obsequi,

209 1091 554 1191 gravitate
584 1096 866 1160 servata.
881 1090 1075 1162 xvidi
1114 1115 1252 1188 ego
1278 1091 1351 1162 in
1392 1091 1644 1162 funere
1679 1117 1979 1166 suorum
2018 1121 2139 1167 ve·

207 1201 511 1288 nendos,
559 1201 635 1272 in
665 1225 978 1292 quorum
1019 1225 1144 1272 ore
1173 1227 1372 1272 amor
1416 1203 1821 1293 eminebat,
1860 1222 2139 1276 remota

211 1313 424 1388 omni
456 1314 862 1411 lugentium
887 1333 1113 1386 scena.
1155 1313 1358 1384 Nihil
1384 1333 1531 1385 erat
1550 1365 1573 1402 ,
1612 1314 1741 1386 nisi
1780 1316 1988 1408 quod
2016 1341 2141 1388 ve·

209 1425 310 1495 ris
337 1423 635 1496 dabatur
659 1421 1070 1494 adfectibus·
1118 1423 1238 1496 Est
1279 1423 1531 1516 aliquis
1568 1441 1641 1496 et
1680 1423 1979 1517 ddendi
2016 1427 2139 1499 de·

212 1555 376 1604 cor:
427 1532 542 1602 hic
573 1531 868 1622 sapienti
911 1530 1288 1604 servandus
1315 1550 1455 1616 est3
1503 1549 1619 1636 et²
1660 1533 2141 1624 quemadmo·
2254 1538 2263 1556 ⁶

213 1643 399 1714 dum
428 1642 506 1712 in
531 1634 772 1712 ceteris
807 1639 1014 1712 rebus
1032 1692 1055 1729 ,
1081 1643 1176 1710 ita
1210 1657 1280 1710 et
1309 1640 1388 1710 in
1410 1640 1708 1713 lacrimis
1736 1641 2013 1734 aliquid
2034 1659 2139 1714 sat

217 1767 345 1824 est.
373 1749 930 1844 Inprudentium
951 1800 972 1835 ,
999 1768 1078 1818 ut
1098 1750 1389 1846 gaudia,
1410 1753 1505 1818 sic
1526 1749 1805 1820 dolores
1824 1750 2145 1822 exunda-

215 1885 407 1934 vere.
433 1859 696 1968 Aequo
719 1858 960 1928 animo
989 1855 1240 1952 excipe
1267 1857 1661 1928 necessaria.
1693 1858 1897 1961 Quid
1918 1857 2145 1932 incre·

215 1969 480 2056 dibile,
517 1968 694 2060 quid
735 1991 1012 2037 novum
1057 1965 1349 2037 evenit?
1384 1989 1599 2059 quam
1637 1966 1879 2038 multis
1906 1991 2141 2060 quum

215 2080 532 2150 maxime
554 2077 767 2150 funus
787 2080 1056 2149 locatur
1082 2079 1099 2147 !
1122 2102 1340 2171 quam
1365 2077 1612 2148 multis
1630 2077 1863 2148 vitalia
1886 2102 2145 2150 emun-

213 2191 367 2259 tur!
399 2213 623 2288 quam
663 2189 873 2256 multi
898 2208 1060 2280 post
1083 2188 1366 2258 luctum
1394 2205 1606 2257 tuum
1644 2188 1935 2282 lugent!
1972 2195 2023 2233 “

321 2349 368 2388 ,‚
390 2298 750 2404 Quotiens
774 2297 1178 2394 cogitaveris
1203 2319 1507 2390 puerum
1537 2295 1741 2366 fuisse
1759 2345 1781 2382 ,
1805 2297 2032 2392 cogita
2068 2312 2143 2368 et

219 2409 624 2492 hominem3
671 2406 787 2479 cui
819 2407 999 2477 nihil
1021 2406 1193 2479 certi
1231 2403 1679 2499 promittitur
1698 2454 1726 2491 ,
1752 2428 1974 2497 quem
1996 2405 2142 2477 for·

219 2536 398 2591 tuna
437 2543 596 2589 non
623 2518 875 2609 utique
918 2517 1251 2610 perducit
1277 2516 1370 2587 ad
1404 2528 1891 2601 senectutem3
1936 2515 2137 2587 unde

219 2631 453 2699 visum
501 2644 646 2716 est,
694 2626 1010 2697 dimittit.
1059 2625 1399 2724 Ceterum
1439 2624 1849 2715 frequenter
1868 2624 1979 2707 ,de
2009 2622 2143 2695 illo·

217 2742 561 2831 loquere,
593 2752 665 2807 et
689 2728 1108 2806 memoriam
1137 2734 1283 2805 eius
1302 2785 1323 2819 ,
1357 2750 1717 2825 qua-ntum
1744 2750 1948 2824 potes
1970 2783 1993 2818 ,
2022 2757 2140 2803 ce-

219 2849 462 2934 lebra3
501 2871 684 2939 quae
707 2846 800 2915 ad
836 2864 908 2917 te
937 2846 1205 2937 saepius
1247 2861 1638 2913 revertetur
1662 2893 1683 2927 ,
1725 2843 1777 2911 si
1822 2842 1951 2912 erit
1989 2841 2139 2912 sine

222 2956 606 3029 acerbitate
621 2974 934 3026 ventura.
959 2954 1032 3025 N
1040 2978 1200 3023 emo
1231 2953 1424 3024 enim
1447 2954 1748 3023 libenter
1774 2953 1949 3023 tristi
1968 2977 2143 3037 con-

223 3084 570 3155 versatur,
595 3066 870 3137 nedum
899 3064 1228 3135 tristitiae.
1273 3064 1547 3156 Siquos
1572 3088 1928 3135 sermones
1954 3064 2135 3153 eius,

227 3175 290 3248 si
315 3198 494 3268 quos
529 3174 852 3267 quamvis
879 3174 1156 3267 parvuli
1185 3174 1375 3243 iocos
1404 3196 1567 3245 cum
1616 3156 1983 3265 voluptate
2012 3198 2139 3245 au-

228 3284 488 3372 dieras,
513 3285 789 3378 saepius
805 3302 1086 3376 repete:
1123 3283 1437 3377 potuisse
1460 3282 1667 3353 illum
1692 3283 1963 3376 inplere
1986 3307 2143 3375 spes

225 3413 422 3481 tuas,
463 3420 638 3489 quas
667 3410 962 3489 paterna
999 3409 1246 3465 mente
1285 3416 1703 3485 conceperas
1726 3444 1751 3478 ‚
1803 3391 2143 3463 audacter

227 3506 542 3579 adsuma.
579 3505 926 3577 Oblivisci
954 3502 1250 3597 quidem
1278 3526 1599 3587 suorum,
1622 3525 1704 3572 ac
1720 3498 2141 3571 memoriam

231 3641 402 3691 eum
425 3618 844 3711 emporibus
867 3616 1152 3701 efferre5
1191 3629 1267 3684 et
1299 3613 1699 3689 effusissime
1742 3610 1910 3681 flere
1931 3660 1955 3697 ,
1982 3632 2143 3680 me-

226 3728 511 3799 minisse
531 3724 969 3823 parcissime5
998 3720 1374 3795 inhumani
1398 3719 1619 3791 animi
1646 3731 1766 3789 est.
1802 3714 1917 3789 Sic
1940 3738 2141 3805 aves,

225 3840 327 3914 sic
362 3838 556 3921 fuae
588 3864 752 3915 suos
787 3836 1092 3937 diligunt
1132 3832 1348 3921 fetus3
1397 3854 1703 3926 quarum
1750 3828 2147 3905 concitatus
