2759 4825
599 423 735 500 166
943 401 1057 494 ἰ.
1108 417 1550 494 ΑΝΝΑΕΙ
1610 417 2121 494 SENECAE

591 581 815 653 tentia
835 581 1256 678 pependerit
1276 634 1299 670 ,
1331 599 1404 654 et
1428 579 1745 653 audienti
1773 579 2245 674 suspicionem
2268 577 2377 647 sui
2404 575 2511 648 fe-

592 692 799 764 cerit:
829 710 1032 781 sunt,
1059 695 1184 786 qui
1215 695 1370 764 illos
1393 693 1760 764 detineant
1792 709 1861 762 et
1887 692 2261 788 porrigant.
2300 689 2509 776 Sunt,

593 802 727 896 qui
775 827 924 874 non
956 829 1182 896 usque
1218 804 1313 883 ad
1345 805 1603 876 vitium
1649 802 2025 892 accedant,
2058 806 2377 896 (necesse
2406 816 2515 870 est
2578 835 2587 842 ·

595 913 794 984 enim
821 915 958 984 hoc
989 913 1211 984 facere
1229 913 1503 1005 aliquid
1534 913 1792 1010 grande
1824 912 2153 998 tentanti,
2175 913 2203 1004 )
2228 910 2351 981 sed
2380 909 2511 1002 qui

595 1019 833 1110 ipsum
864 1021 1122 1089 vitium
1151 1038 1416 1090 ament.
1452 1022 1748 1112 Itaque,
1786 1019 2230 1109 ubicumque
2258 1018 2521 1088 videris·

599 1127 1000 1197 orationem
1037 1147 1443 1219 corruptam
1476 1129 1794 1219 placere,
1830 1124 1933 1194 ibi
1967 1147 2193 1195 mores
2212 1149 2521 1218 quoque

596 1258 638 1306 a
681 1250 878 1306 recto
915 1236 1312 1323 descivisse,
1357 1259 1510 1306 non
1553 1236 1683 1306 erit
1723 1235 2051 1306 dubium.
2109 1235 2518 1340 Quomodo

599 1345 1100 1416 conviviorum
1129 1343 1454 1430 luxuria,
1486 1344 1870 1441 quomodo
1886 1344 2189 1415 vestium
2212 1395 2235 1430 ‚
2269 1369 2521 1440 aegrae

598 1451 899 1522 civitatis
931 1451 1187 1521 indicia
1215 1469 1415 1521 sunt:
1441 1451 1535 1522 sic
1564 1452 1897 1522 orationis
1922 1452 2209 1525 licentia
2231 1505 2254 1540 ,
2279 1455 2335 1522 si
2362 1477 2527 1522 mo·-

501 1647 510 1654 ,
601 1561 704 1633 do
735 1562 1076 1654 frequens
1104 1579 1204 1632 est
1223 1613 1244 1648 ,
1277 1561 1587 1632 ostendit
1610 1559 1883 1632 animos
1910 1545 2213 1656 quoque
2237 1611 2260 1650 ‚
2294 1587 2333 1631 a
2360 1560 2527 1655 qui-

599 1673 740 1744 bus
765 1673 985 1746 verba
1009 1693 1316 1760 exeunt,
1352 1673 1755 1768 procidisse.

729 1781 966 1852 Mirari
1017 1781 1320 1873 quidem
1367 1805 1521 1852 non
1574 1779 1794 1851 debes
1825 1831 1848 1866 ,
1900 1791 2239 1875 corrupta
2286 1780 2530 1872 excipi

604 1915 760 1964 non
789 1907 1074 1962 tantum
1101 1915 1142 1958 a
1169 1913 1432 1959 corona
1452 1888 1849 1960 sordidiore
1870 1938 1893 1975 ,
1922 1887 2045 1960 sed
2072 1888 2163 1960 ab
2190 1889 2315 1958 hac
2340 1913 2531 1980 quo-

607 2025 760 2095 que
787 2002 997 2073 turba
1035 2001 1370 2071 cultiores
1414 2000 1593 2096 togis
1632 2000 1827 2071 enim
1857 2000 2039 2069 inter
2070 2023 2141 2071 se
2183 2001 2326 2088 isti,
2368 2023 2529 2072 non

605 2112 924 2196 iudiciis,
953 2112 1229 2181 distant.
1282 2109 1445 2181 Hoc
1486 2112 1703 2208 magis
1747 2111 1981 2181 mirari
2016 2127 2266 2203 potes,
2316 2111 2531 2204 quod

496 2274 509 2289 ,
605 2247 762 2294 non
790 2240 1072 2293 tantum
1098 2221 1344 2292 vitiosa
1369 2272 1394 2309 ,
1442 2221 1564 2292 sed
1588 2221 1753 2292 vitia
1780 2221 2183 2291 laudentur.
2230 2221 2413 2292 Nam
2438 2224 2531 2292 il-

607 2332 741 2403 lud
766 2357 1046 2427 semper
1073 2332 1340 2402 factum
1368 2349 1504 2402 est:
1540 2332 1820 2404 nullum
1846 2329 1995 2401 sine
2022 2331 2532 2427 veniaplacuit

607 2443 1002 2539 ingenium.
1070 2440 1180 2509 Da
1227 2440 1447 2527 mihi,
1492 2462 2039 2532 quemcumque
2087 2439 2229 2527 vis,
2282 2441 2532 2541 magni

609 2548 936 2619 nominis·
953 2548 1228 2632 virum3
1279 2545 1507 2615 dicam
1533 2597 1557 2632 ‚
1599 2547 1781 2639 quid
1820 2548 1922 2616 illi
1952 2564 2135 2618 aetas
2165 2573 2286 2619 sua
2324 2549 2536 2645 igno·

609 2657 792 2727 verit
818 2708 840 2744 ‚
887 2657 1066 2751 quid
1105 2658 1178 2725 in
1227 2656 1353 2727 illo
1392 2657 1611 2728 sciens
1646 2657 2203 2729 dissimulaverit.
2258 2660 2535 2729 Multos

514 2799 533 2807 κ
612 2766 746 2837 tibi
769 2767 988 2854 dabo,
1020 2768 1286 2859 quibus
1313 2768 1483 2838 vitia
1516 2791 1667 2841 non
1694 2770 2104 2855 nocuerint·;
2138 2766 2533 2865 quosdam.

615 2879 882 2973 quibus
915 2878 1337 2972 profuerint.
1380 2878 1634 2964 Dabo,
1679 2880 2013 2969 inquam,
2048 2882 2399 2953 maximae
2424 2880 2536 2951 fa·-

525 3060 536 3069 ,
612 3010 776 3057 mae
823 3004 896 3056 et
934 2989 1118 3058 inter
1153 2988 1469 3057 miranda
1517 2988 1950 3080 propositos3
1998 3012 2228 3081 quos,
2279 2992 2333 3059 si
2368 2989 2568 3081 quis‘

615 3097 944 3190 corrigit,
991 3097 1219 3167 delet:
1263 3096 1580 3171 sicenim
1609 3098 1775 3167 vitia
1812 3098 2195 3168 virtutibus
2222 3100 2535 3170 inmixta

613 3200 819 3291 sunt,
843 3223 947 3273 'ut
987 3204 1132 3288 illas
1163 3228 1403 3281 secum
1432 3222 1751 3277 ‘tractura
1792 3209 1946 3278 sint.
1996 3207 2251 3279 Adiice
2280 3234 2479 3281 nunc
2506 3262 2531 3298 ‚

619 3314 828 3407 quod
857 3316 1080 3385 oratio
1105 3332 1371 3385 certam
1396 3320 1711 3413 regulam
1734 3304 1895 3387 'non
1924 3318 2159 3389 habet.
2199 3319 2534 3393 Consue-

613 3426 802 3497 tudo
852 3426 1066 3497 illam·
1092 3426 1426 3515 civitatis,
1478 3452 1664 3521 quae
1704 3452 2109 3521 numquam
2149 3430 2224 3501 in
2264 3432 2537 3503 eodem

619 3532 748 3601 diu
777 3534 967 3603 stetit
993 3586 1016 3621 ‚
1059 3553 1298 3607 versat.
1343 3537 1563 3608 Multi
1590 3564 1681 3609 ex
1722 3539 1952 3626 alieno
1981 3544 2221 3612 seculo
2262 3554 2563 3631 petunt

610 3646 874 3731 'verba3
931 3646 1314 3721 duodecim
1349 3647 1655 3720 Tabulas
1681 3652 2120 3743 loquuntu13
2172 3650 2539 3723 Gracchus

613 3758 752 3826 illis
775 3778 812 3843 ‚·
829 3776 898 3827 et
929 3758 1198 3832 Crassus
1221 3780 1258 3847 ,·
1287 3772 1360 3829 et
1388 3758 1647 3849 Curi0‚
1681 3762 1889 3832 nimis
1914 3762 2086 3832 culti
2114 3778 2533 3835 etr-etentes

611 3884 825 3960 ‘sunu
862 3870 954 3943 ad
977 3870 1302 3968 Appium
1337 3899 1567 3971 usque
1598 3892 1673 3947 et
1702 3870 1794 3948 ad
1824 3876 2353 3951 Coruncanium
2372 3876 2534 3949 red-
