2759 4825
619 391 780 494 '1‘98
999 385 1084 461 L
1131 381 1607 462 ANNAEI
1656 381 2203 460 SENECAE

631 555 811 654 rigat
831 603 853 640 ‚
885 575 1038 624 non
1067 550 1225 622 sitis.
1273 551 1471 620 Inter
1506 548 1785 643 reliqua
1806 601 1827 637 ,
1871 549 2013 625 hoc
2048 548 2257 623 nobis
2284 547 2581 641 praesti-

631 670 723 737 tit
742 685 983 738 natura
1013 664 1482 756 praecipuum
1503 715 1526 750 ,
1554 662 1761 758 quod
1788 661 2179 733 necessitati
2202 660 2579 732 fastidium

633 777 956 846 excussit.
1001 772 1391 867 Recipiunt
1421 796 1852 867 supervacua
1884 772 2256 844 dilectum.
2288 811 2363 824 -
2406 771 2580 843 Hoc

631 907 890 977 parum
935 881 1231 966 decens3
1289 881 1473 954 illud
1520 907 1776 976 parum
1828 882 2199 954 laudatum
2235 905 2255 966 3
2296 881 2581 952 'oculos

631 996 775 1065 hoc
813 1019 1014 1064 meos
1051 994 1306 1065 laedit!
1347 1034 1419 1046 —
1446 994 1531 1064 Id
1570 1011 1815 1066 actum
1860 1011 1963 1064 est
2006 993 2099 1064 ab
2140 993 2268 1063 illo
2306 991 2581 1062 mundi

631 1105 1052 1191 conditoxe,
1091 1106 1214 1197 qui
1261 1105 1471 1175 nobis
1509 1104 1797 1194 vivendi
1842 1103 1993 1189 iura
2028 1103 2444 1197 descripsit,
2488 1118 2575 1174 ut

629 1215 799 1286 salvi
829 1229 1131 1285 essemus·
1149 1267 1170 1302 ,
1203 1238 1353 1284 non
1384 1231 1467 1285 ut
1496 1213 1800 1284 delicati.
1846 1211 1965 1284 Ad
1992 1215 2295 1284 salutem
2322 1211 2578 1284 omnia

629 1343 873 1422 parata
905 1341 1114 1411 sunt,
1144 1340 1218 1394 et
1247 1324 1322 1394 in
1355 1341 1657 1417 promtu
1686 1352 1701 1392 :
1748 1321 2013 1392 deliciis
2042 1321 2289 1392 omnia
2316 1321 2578 1394 misere

627 1459 712 1506 ac
737 1437 1035 1506 sollicite
1061 1450 1589 1526 comparantur.
1640 1430 1946 1503 Utamur
1986 1457 2155 1529 ergo
2198 1433 2336 1504 hoc
2362 1449 2581 1504 natu·-

628 1565 745 1614 ηε
775 1541 1169 1629 beneficio,
1215 1542 1403 1612 intet
1424 1565 1676 1638 magn-a
1712 1541 2209 1626 numerand03
2260 1556 2333 1612 et
2377 1541 2581 1636 cogi·

627 1667 904 1738 temuS‚
958 1652 1167 1721 nullo
1208 1649 1511 1723 nomine
1562 1652 1817 1720 melius
1864 1651 2061 1721 illam
2104 1652 2445 1721 meruisse
2481 1649 2575 1721 de

626 1757 880 1846 nobis,
930 1783 1152 1859 quam
1197 1760 1409 1850 quia,
1458 1757 1827 1852 quidquid
1852 1782 1943 1830 ex
1980 1760 2399 1832 necessitate
2444 1757 2577 1830 de-

627 1867 1015 1956 sideratur,
1041 1857 1192 1943 sine
1219 1867 1506 1944 fastidio
1534 1871 1867 1944 sumitur.
1895 1869 2101 1943 Vale.
2363 1887 2367 1892 ·

1097 2074 1752 2148 EPISTOLA
1827 2075 2096 2151 CXX.

632 2218 762 2274 Boni
791 2218 978 2272 notitia
1003 2219 1262 2288 quomodo
1289 2221 1348 2272 ad
1379 2238 1479 2274 nos
1502 2219 1749 2275 venerit?
1774 2221 2165 2286 observatione,
2182 2236 2237 2276 et
2256 2221 2571 2276 collatione:

765 2301 950 2352 nat'ura
978 2299 1127 2352 etiam
1149 2301 1389 2354 ducente.
1426 2302 1588 2356 Venit
1607 2314 1660 2354 et
1682 2319 1747 2354 ex
1766 2302 2057 2356 contrario:
2081 2303 2133 2354 id
2155 2314 2262 2366 est,
2285 2302 2406 2354 vitii
2424 2302 2570 2355 dete-

762 2379 1004 2433 statione.
1029 2380 1286 2434 Desctibit
1304 2380 1591 2453 Sapientem
1603 2419 1619 2445 ‚
1637 2396 1690 2435 et
1706 2383 1867 2452 vulgo
1883 2382 2099 2451 petenda
2117 2375 2205 2435 aut
2225 2381 2450 2435 timenda
2472 2381 2573 2433 cal-

763 2472 990 2522 cantem,
1023 2460 1174 2512 etiam
1204 2462 1361 2530 ipsam
1398 2477 1611 2515 mortem
1627 2481 1647 2524 ς
1693 2462 1911 2533 denique
1938 2480 2097 2518 unum
2128 2478 2357 2532 semper,
2388 2475 2447 2517 et
2472 2460 2571 2515 sihi

753 2550 1093 2593 constantem

899 2678 910 2689 ’
1022 2688 1383 2767 SENECA
1418 2694 1672 2768 Lucilio
1708 2722 1821 2769 suo
1856 2698 2172 2777 Salutem.

629 2792 1090 2931 EPISTOLA
1119 2873 1240 2928 tua
1279 2882 1411 2949 per
1436 2864 1674 2955 plures
1714 2859 2283 2954 quaestiunculas
2316 2876 2568 2957 vagata

503 3054 518 3060 =
629 2988 772 3051 est,
799 2968 968 3037 sed
953 2992 1026 3037 m
1059 2986 1198 3039 una
1228 2973 1582 3057 constitit,
1626 2990 1699 3041 et
1724 2971 1912 3042 hanc
1942 2970 2265 3065 expediri
2299 2970 2571 3041 deside·

625 3088 770 3142 rat:
815 3072 1148 3185 Quomodo
1191 3076 1281 3146 ad
1309 3104 1426 3147 nos
1464 3080 1641 3151 Boni
1672 3080 2065 3177 Honestique
2088 3082 2323 3153 notitia
2336 3104 2569 3180 perve-

621 3194 853 3262 nerit?
880 3230 951 3242 —-
988 3192 1182 3264 Haec
1211 3192 1366 3266 duo
1393 3198 1586 3289 apud
1616 3199 1786 3269 alios
1811 3196 2080 3271 diversa
2104 3216 2272 3269 sunt
2295 3250 2319 3287 ,
2360 3199 2564 3292 apud

621 3323 756 3371 nos
784 3316 1068 3371 tantum
1116 3303 1356 3375 divisa.
1396 3306 1602 3411 Quid
1643 3310 1731 3379 sit
1774 3312 1953 3398 hoc,
1992 3310 2249 3383 dicam.
2298 3313 2565 3383 Bonum

619 3428 885 3501 putant
915 3436 1056 3482 esse
1093 3414 1351 3507 aliqui,
1393 3418 1597 3540 quod
1627 3419 1805 3495 utile
1842 3437 1985 3493 est.
2031 3422 2279 3515 itaque
2319 3402 2459 3494 hoc
2486 3439 2562 3492 et

623 3516 919 3604 divitiis,
973 3537 1045 3590 et
1085 3546 1319 3615 eque,
1363 3541 1433 3595 et
1485 3527 1697 3614 vino,
1740 3546 1814 3600 et
1847 3534 2085 3606 calceo
2132 3555 2405 3603 nomen
2449 3512 2671 3601 ins&

619 3644 953 3744 ponunt3
1007 3644 1198 3701 tanta
1230 3632 1310 3703 fit
1337 3634 1541 3728 apud
1575 3637 1731 3709 illos
1760 3638 1937 3711 boni
1976 3642 2242 3731 vilitaS,
2270 3658 2347 3713 et
2370 3643 2561 3715 adeo

617 3731 697 3802 in
746 3736 1034 3807 sordida
1087 3764 1318 3834 usque
1370 3744 1762 3819 descendit.
1814 3749 2177 3823 Honestum
2235 3772 2559 3847 putant,

541 3868 554 3874 ⁶
617 3840 740 3915 cui
776 3846 954 3919 tatio
996 3852 1172 3923 recti
1203 3853 1415 3927 officii
1456 3875 1778 3933 constat·
1752 3908 1778 3949 ,
1826 3874 2192 3956 tamquam
2218 3912 2243 3955 ‚
2276 3864 2403 3959 pie
2430 3888 2561 3941 cu-
