<?xml version="1.0" encoding="UTF-8"?>
<!DOCTYPE html PUBLIC "-//W3C//DTD XHTML 1.0 Transitional//EN"
    "http://www.w3.org/TR/xhtml1/DTD/xhtml1-transitional.dtd">
<html xmlns="http://www.w3.org/1999/xhtml" xml:lang="en" lang="en">
 <head>
  <title>
</title>
<meta http-equiv="Content-Type" content="text/html;charset=utf-8" />
  <meta name='ocr-system' content='tesseract 3.04.00' />
  <meta name='ocr-capabilities' content='ocr_page ocr_carea ocr_par ocr_line ocrx_word'/>
</head>
<body>
  <div class='ocr_page' id='page_1' title='image "./lannaeisenecaea00bipogoog_0278.png"; bbox 0 0 2759 4825; ppageno 0'>
   <div class='ocr_carea' id='block_1_1' title="bbox 582 324 2152 460">
    <p class='ocr_par' dir='ltr' id='par_1_1' title="bbox 582 324 2152 460">
     <span class='ocr_line' id='line_1_1' title="bbox 582 324 2152 460; baseline -0.006 -20"><span class='ocrx_word' id='word_1_1' title='bbox 582 324 589 333; x_wconf 63' lang='grc'><strong>’</strong></span> <span class='ocrx_word' id='word_1_2' title='bbox 690 395 807 455; x_wconf 83' lang='lat'><strong>270</strong></span> <span class='ocrx_word' id='word_1_3' title='bbox 1126 366 1484 435; x_wconf 81' lang='lat' dir='ltr'>NOTAE</span> <span class='ocrx_word' id='word_1_4' title='bbox 1536 366 1636 432; x_wconf 77' lang='lat' dir='ltr'>m</span> <span class='ocrx_word' id='word_1_5' title='bbox 1691 362 2152 460; x_wconf 58' lang='lat' dir='ltr'>SENECAE</span> 
     </span>
    </p>
   </div>
   <div class='ocr_carea' id='block_1_2' title="bbox 662 494 2600 3937">
    <p class='ocr_par' dir='ltr' id='par_1_2' title="bbox 686 494 2600 845">
     <span class='ocr_line' id='line_1_2' title="bbox 689 494 2598 604; baseline 0 -23"><span class='ocrx_word' id='word_1_6' title='bbox 689 517 1003 604; x_wconf 86' lang='lat' dir='ltr'><strong>Opsopoei</strong></span> <span class='ocrx_word' id='word_1_7' title='bbox 1038 536 1097 583; x_wconf 88' lang='lat' dir='ltr'><strong>et</strong></span> <span class='ocrx_word' id='word_1_8' title='bbox 1126 494 1408 601; x_wconf 58' lang='lat' dir='ltr'><strong>quinque*</strong></span> <span class='ocrx_word' id='word_1_9' title='bbox 1431 519 1679 584; x_wconf 86' lang='lat' dir='ltr'><strong>Gruteri</strong></span> <span class='ocrx_word' id='word_1_10' title='bbox 1707 518 2044 581; x_wconf 84' lang='lat' dir='ltr'><strong>codicibus:</strong></span> <span class='ocrx_word' id='word_1_11' title='bbox 2085 519 2188 581; x_wconf 85' lang='lat' dir='ltr'><strong>sed</strong></span> <span class='ocrx_word' id='word_1_12' title='bbox 2231 517 2250 581; x_wconf 92' lang='lat' dir='ltr'><strong>i</strong></span> <span class='ocrx_word' id='word_1_13' title='bbox 2293 534 2472 581; x_wconf 81' lang='lat' dir='ltr'><strong>norat</strong></span> <span class='ocrx_word' id='word_1_14' title='bbox 2507 514 2598 581; x_wconf 77' lang='lat' dir='ltr'><strong>illa</strong></span> 
     </span>
     <span class='ocr_line' id='line_1_3' title="bbox 688 600 2600 682; baseline -0.001 -18"><span class='ocrx_word' id='word_1_15' title='bbox 688 604 1117 666; x_wconf 84' lang='lat' dir='ltr'><strong>vetustissimus</strong></span> <span class='ocrx_word' id='word_1_16' title='bbox 1156 618 1359 663; x_wconf 85' lang='lat' dir='ltr'><strong>noster</strong></span> <span class='ocrx_word' id='word_1_17' title='bbox 1393 619 1499 661; x_wconf 89' lang='lat' dir='ltr'><strong>ms.</strong></span> <span class='ocrx_word' id='word_1_18' title='bbox 1520 624 1576 661; x_wconf 89' lang='lat' dir='ltr'><strong>a.</strong></span> <span class='ocrx_word' id='word_1_19' title='bbox 1607 620 1744 667; x_wconf 81' lang='lat' dir='ltr'><strong>cum</strong></span> <span class='ocrx_word' id='word_1_20' title='bbox 1781 602 1972 682; x_wconf 88' lang='lat' dir='ltr'><strong>Ampl.</strong></span> <span class='ocrx_word' id='word_1_21' title='bbox 2031 600 2204 661; x_wconf 87' lang='lat' dir='ltr'><strong>Unus</strong></span> <span class='ocrx_word' id='word_1_22' title='bbox 2305 602 2600 663; x_wconf 82' lang='lat' dir='ltr'><strong>icotianus</strong></span> 
     </span>
     <span class='ocr_line' id='line_1_4' title="bbox 686 680 2600 765; baseline -0.001 -20"><span class='ocrx_word' id='word_1_23' title='bbox 686 682 999 765; x_wconf 88' lang='lat' dir='ltr'><strong>Opsopoei</strong></span> <span class='ocrx_word' id='word_1_24' title='bbox 1031 683 1227 762; x_wconf 83' lang='lat' dir='ltr'><strong>priora</strong></span> <span class='ocrx_word' id='word_1_25' title='bbox 1263 681 1502 763; x_wconf 88' lang='lat' dir='ltr'><strong>quidem</strong></span> <span class='ocrx_word' id='word_1_26' title='bbox 1535 682 1715 742; x_wconf 87' lang='lat' dir='ltr'><strong>verba</strong></span> <span class='ocrx_word' id='word_1_27' title='bbox 1740 680 1949 754; x_wconf 86' lang='lat' dir='ltr'><strong>habet,</strong></span> <span class='ocrx_word' id='word_1_28' title='bbox 1989 684 2152 760; x_wconf 67' lang='lat' dir='ltr'><strong>Errat</strong></span> <span class='ocrx_word' id='word_1_29' title='bbox 2179 701 2230 741; x_wconf 89' lang='lat' dir='ltr'><strong>et</strong></span> <span class='ocrx_word' id='word_1_30' title='bbox 2252 682 2344 742; x_wconf 81' lang='lat' dir='ltr'><strong>ille</strong></span> <span class='ocrx_word' id='word_1_31' title='bbox 2361 716 2450 729; x_wconf 92' lang='lat'><strong>--</strong></span> <span class='ocrx_word' id='word_1_32' title='bbox 2463 699 2600 765; x_wconf 80' lang='lat' dir='ltr'><strong>pro-</strong></span> 
     </span>
     <span class='ocr_line' id='line_1_5' title="bbox 686 762 2443 845; baseline -0.001 -19"><span class='ocrx_word' id='word_1_33' title='bbox 686 766 814 826; x_wconf 66' lang='lat' dir='ltr'><strong>bate</strong></span> <span class='ocrx_word' id='word_1_34' title='bbox 844 766 1176 845; x_wconf 79' lang='lat' dir='ltr'><strong>posteriora</strong></span> <span class='ocrx_word' id='word_1_35' title='bbox 1208 780 1392 838; x_wconf 77' lang='lat' dir='ltr'><strong>vere,</strong></span> <span class='ocrx_word' id='word_1_36' title='bbox 1421 762 1652 823; x_wconf 80' lang='lat' dir='ltr'><em>Nullum</em></span> <span class='ocrx_word' id='word_1_37' title='bbox 1669 793 1699 809; x_wconf 88' lang='lat'>-</span> <span class='ocrx_word' id='word_1_38' title='bbox 1717 794 1753 809; x_wconf 89' lang='lat'><strong>·-</strong></span> <span class='ocrx_word' id='word_1_39' title='bbox 1783 764 1891 844; x_wconf 81' lang='lat' dir='ltr'><strong>ipse</strong></span> <span class='ocrx_word' id='word_1_40' title='bbox 1911 784 2018 822; x_wconf 80' lang='lat' dir='ltr'><strong>non</strong></span> <span class='ocrx_word' id='word_1_41' title='bbox 2043 780 2154 836; x_wconf 88' lang='lat' dir='ltr'><strong>est,</strong></span> <span class='ocrx_word' id='word_1_42' title='bbox 2193 763 2443 844; x_wconf 79' lang='lat' dir='ltr'><strong>ignorat.</strong></span> 
     </span>
    </p>

    <p class='ocr_par' dir='ltr' id='par_1_3' title="bbox 680 839 2599 1333">
     <span class='ocr_line' id='line_1_6' title="bbox 765 839 2599 925; baseline -0.001 -18"><span class='ocrx_word' id='word_1_43' title='bbox 765 847 935 907; x_wconf 71' lang='lat' dir='ltr'><strong>Pac.</strong></span> <span class='ocrx_word' id='word_1_44' title='bbox 953 866 1011 924; x_wconf 90' lang='lat'><strong>7.</strong></span> <span class='ocrx_word' id='word_1_45' title='bbox 1042 847 1085 907; x_wconf 85' lang='lat' dir='ltr'><strong>l.</strong></span> <span class='ocrx_word' id='word_1_46' title='bbox 1117 866 1166 906; x_wconf 85' lang='grc' dir='ltr'><strong>ι.</strong></span> <span class='ocrx_word' id='word_1_47' title='bbox 1194 847 1253 905; x_wconf 86' lang='lat' dir='ltr'><strong>de</strong></span> <span class='ocrx_word' id='word_1_48' title='bbox 1280 843 1414 925; x_wconf 81' lang='lat' dir='ltr'><strong>ipso.</strong></span> <span class='ocrx_word' id='word_1_49' title='bbox 1443 843 1543 904; x_wconf 86' lang='lat' dir='ltr'><strong>Nil</strong></span> <span class='ocrx_word' id='word_1_50' title='bbox 1571 859 1795 904; x_wconf 80' lang='lat' dir='ltr'><strong>mutant</strong></span> <span class='ocrx_word' id='word_1_51' title='bbox 1823 839 1953 904; x_wconf 84' lang='lat' dir='ltr'><strong>libri</strong></span> <span class='ocrx_word' id='word_1_52' title='bbox 1973 859 2244 923; x_wconf 80' lang='lat' dir='ltr'><strong>veteres;</strong></span> <span class='ocrx_word' id='word_1_53' title='bbox 2273 844 2374 905; x_wconf 86' lang='lat' dir='ltr'><strong>sed</strong></span> <span class='ocrx_word' id='word_1_54' title='bbox 2399 843 2459 904; x_wconf 90' lang='lat' dir='ltr'><strong>in</strong></span> <span class='ocrx_word' id='word_1_55' title='bbox 2492 862 2599 906; x_wconf 60' lang='lat' dir='ltr'><strong>nod</strong></span> 
     </span>
     <span class='ocr_line' id='line_1_7' title="bbox 687 923 2598 989; baseline -0.001 0"><span class='ocrx_word' id='word_1_56' title='bbox 687 942 815 989; x_wconf 84' lang='lat' dir='ltr'><strong>stro</strong></span> <span class='ocrx_word' id='word_1_57' title='bbox 840 945 951 989; x_wconf 87' lang='lat' dir='ltr'><strong>ms.</strong></span> <span class='ocrx_word' id='word_1_58' title='bbox 968 950 1026 987; x_wconf 83' lang='lat' dir='ltr'><strong>a.</strong></span> <span class='ocrx_word' id='word_1_59' title='bbox 1050 926 1204 987; x_wconf 85' lang='lat' dir='ltr'><strong>male</strong></span> <span class='ocrx_word' id='word_1_60' title='bbox 1230 924 1434 987; x_wconf 87' lang='lat' dir='ltr'><strong>sedula</strong></span> <span class='ocrx_word' id='word_1_61' title='bbox 1457 942 1668 985; x_wconf 84' lang='lat' dir='ltr'><strong>manus</strong></span> <span class='ocrx_word' id='word_1_62' title='bbox 1701 924 1854 986; x_wconf 87' lang='lat' dir='ltr'><strong>inter</strong></span> <span class='ocrx_word' id='word_1_63' title='bbox 1881 923 2066 985; x_wconf 83' lang='lat' dir='ltr'><strong>lineas</strong></span> <span class='ocrx_word' id='word_1_64' title='bbox 2099 926 2374 989; x_wconf 86' lang='lat' dir='ltr'><strong>voculam</strong></span> <span class='ocrx_word' id='word_1_65' title='bbox 2405 943 2454 987; x_wconf 81' lang='lat' dir='ltr'><strong>te</strong></span> <span class='ocrx_word' id='word_1_66' title='bbox 2489 926 2598 987; x_wconf 80' lang='lat' dir='ltr'><strong>ad-</strong></span> 
     </span>
     <span class='ocr_line' id='line_1_8' title="bbox 685 1003 2599 1101; baseline 0 -32"><span class='ocrx_word' id='word_1_67' title='bbox 685 1008 868 1088; x_wconf 83' lang='lat' dir='ltr'><strong>pinxit</strong></span> <span class='ocrx_word' id='word_1_68' title='bbox 884 1054 903 1082; x_wconf 91' lang='lat'>,</span> <span class='ocrx_word' id='word_1_69' title='bbox 930 1007 1096 1091; x_wconf 79' lang='lat' dir='ltr'><strong>quasi</strong></span> <span class='ocrx_word' id='word_1_70' title='bbox 1115 1005 1427 1088; x_wconf 84' lang='lat' dir='ltr'><strong>legendum</strong></span> <span class='ocrx_word' id='word_1_71' title='bbox 1447 1021 1596 1067; x_wconf 84' lang='lat' dir='ltr'><strong>esset</strong></span> <span class='ocrx_word' id='word_1_72' title='bbox 1625 1007 1687 1066; x_wconf 80' lang='lat' dir='ltr'><strong>de</strong></span> <span class='ocrx_word' id='word_1_73' title='bbox 1703 1022 1752 1065; x_wconf 92' lang='lat' dir='ltr'><strong>te</strong></span> <span class='ocrx_word' id='word_1_74' title='bbox 1771 1007 1905 1087; x_wconf 78' lang='lat' dir='ltr'><strong>ipso.</strong></span> <span class='ocrx_word' id='word_1_75' title='bbox 1931 1003 2048 1067; x_wconf 86' lang='lat' dir='ltr'><strong>Pro</strong></span> <span class='ocrx_word' id='word_1_76' title='bbox 2077 1007 2139 1065; x_wconf 86' lang='lat' dir='ltr'><strong>de</strong></span> <span class='ocrx_word' id='word_1_77' title='bbox 2163 1006 2278 1101; x_wconf 76' lang='lat' dir='ltr'><strong>ipso</strong></span> <span class='ocrx_word' id='word_1_78' title='bbox 2294 1007 2444 1089; x_wconf 76' lang='lat' dir='ltr'><strong>prius</strong></span> <span class='ocrx_word' id='word_1_79' title='bbox 2457 1053 2486 1082; x_wconf 89' lang='lat'><em>,</em></span> <span class='ocrx_word' id='word_1_80' title='bbox 2511 1022 2599 1069; x_wconf 90' lang='lat' dir='ltr'><strong>est</strong></span> 
     </span>
     <span class='ocr_line' id='line_1_9' title="bbox 680 1085 2597 1172; baseline 0 -23"><span class='ocrx_word' id='word_1_81' title='bbox 680 1090 831 1171; x_wconf 81' lang='lat' dir='ltr'><strong>ptius</strong></span> <span class='ocrx_word' id='word_1_82' title='bbox 856 1091 916 1149; x_wconf 84' lang='lat' dir='ltr'><strong>de</strong></span> <span class='ocrx_word' id='word_1_83' title='bbox 939 1090 1055 1172; x_wconf 81' lang='lat' dir='ltr'><strong>ipso</strong></span> <span class='ocrx_word' id='word_1_84' title='bbox 1082 1088 1141 1149; x_wconf 76' lang='lat' dir='ltr'><strong>in</strong></span> <span class='ocrx_word' id='word_1_85' title='bbox 1175 1105 1281 1151; x_wconf 70' lang='grc' dir='ltr'><strong>ωε.</strong></span> <span class='ocrx_word' id='word_1_86' title='bbox 1298 1107 1349 1150; x_wconf 84' lang='lat' dir='ltr'><strong>c.</strong></span> <span class='ocrx_word' id='word_1_87' title='bbox 1376 1104 1438 1149; x_wconf 86' lang='lat' dir='ltr'><strong>et</strong></span> <span class='ocrx_word' id='word_1_88' title='bbox 1463 1086 1556 1147; x_wconf 85' lang='lat' dir='ltr'><strong>ed.</strong></span> <span class='ocrx_word' id='word_1_89' title='bbox 1576 1089 1658 1147; x_wconf 82' lang='lat' dir='ltr'><strong>A.</strong></span> <span class='ocrx_word' id='word_1_90' title='bbox 1736 1088 1776 1147; x_wconf 89' lang='lat' dir='ltr'><strong>l.</strong></span> <span class='ocrx_word' id='word_1_91' title='bbox 1809 1107 1864 1147; x_wconf 84' lang='lat'><strong>2.</strong></span> <span class='ocrx_word' id='word_1_92' title='bbox 1885 1104 2007 1147; x_wconf 83' lang='lat' dir='ltr'><strong>ante</strong></span> <span class='ocrx_word' id='word_1_93' title='bbox 2036 1085 2318 1150; x_wconf 72' lang='lat' dir='ltr'><strong>amicatiam</strong></span> <span class='ocrx_word' id='word_1_94' title='bbox 2337 1086 2597 1149; x_wconf 80' lang='lat' dir='ltr'><strong>iudican-</strong></span> 
     </span>
     <span class='ocr_line' id='line_1_10' title="bbox 684 1166 2596 1233; baseline 0 -2"><span class='ocrx_word' id='word_1_95' title='bbox 684 1172 827 1233; x_wconf 84' lang='lat' dir='ltr'><strong>dum.</strong></span> <span class='ocrx_word' id='word_1_96' title='bbox 875 1168 975 1231; x_wconf 88' lang='lat' dir='ltr'><strong>Sic</strong></span> <span class='ocrx_word' id='word_1_97' title='bbox 1018 1168 1188 1230; x_wconf 86' lang='lat' dir='ltr'><strong>mssti</strong></span> <span class='ocrx_word' id='word_1_98' title='bbox 1234 1168 1420 1229; x_wconf 82' lang='lat' dir='ltr'><strong>nostri</strong></span> <span class='ocrx_word' id='word_1_99' title='bbox 1457 1186 1593 1229; x_wconf 82' lang='lat' dir='ltr'><strong>cum</strong></span> <span class='ocrx_word' id='word_1_100' title='bbox 1639 1166 1770 1229; x_wconf 89' lang='lat' dir='ltr'><strong>edd.</strong></span> <span class='ocrx_word' id='word_1_101' title='bbox 1807 1166 1923 1229; x_wconf 84' lang='lat' dir='ltr'><strong>Sed</strong></span> <span class='ocrx_word' id='word_1_102' title='bbox 1957 1166 2086 1228; x_wconf 82' lang='lat' dir='ltr'><strong>Par.</strong></span> <span class='ocrx_word' id='word_1_103' title='bbox 2114 1170 2173 1229; x_wconf 87' lang='lat' dir='ltr'><strong>d.</strong></span> <span class='ocrx_word' id='word_1_104' title='bbox 2225 1168 2398 1229; x_wconf 84' lang='lat' dir='ltr'><strong>habet</strong></span> <span class='ocrx_word' id='word_1_105' title='bbox 2437 1187 2596 1231; x_wconf 82' lang='lat' dir='ltr'><strong>antea</strong></span> 
     </span>
     <span class='ocr_line' id='line_1_11' title="bbox 682 1248 2594 1333; baseline 0.001 -22"><span class='ocrx_word' id='word_1_106' title='bbox 682 1252 1036 1313; x_wconf 60' lang='lat' dir='ltr'><strong>fuficandum·</strong></span> <span class='ocrx_word' id='word_1_107' title='bbox 1084 1252 1198 1315; x_wconf 83' lang='lat' dir='ltr'><strong>Am</strong></span> <span class='ocrx_word' id='word_1_108' title='bbox 1203 1248 1520 1333; x_wconf 86' lang='lat' dir='ltr'><strong>plonianus</strong></span> <span class='ocrx_word' id='word_1_109' title='bbox 1551 1266 1728 1323; x_wconf 88' lang='lat' dir='ltr'><strong>vero,</strong></span> <span class='ocrx_word' id='word_1_110' title='bbox 1763 1266 1918 1313; x_wconf 79' lang='lat' dir='ltr'><strong>antea</strong></span> <span class='ocrx_word' id='word_1_111' title='bbox 1949 1249 2332 1311; x_wconf 78' lang='lat' dir='ltr'><strong>deliberandum</strong></span> <span class='ocrx_word' id='word_1_112' title='bbox 2369 1266 2419 1311; x_wconf 87' lang='lat' dir='ltr'><strong>et</strong></span> <span class='ocrx_word' id='word_1_113' title='bbox 2445 1252 2594 1313; x_wconf 79' lang='lat' dir='ltr'><strong>iudi·</strong></span> 
     </span>
    </p>

    <p class='ocr_par' dir='ltr' id='par_1_4' title="bbox 676 1406 2594 2548">
     <span class='ocr_line' id='line_1_12' title="bbox 765 1406 2592 1495; baseline -0.001 -19"><span class='ocrx_word' id='word_1_114' title='bbox 765 1416 805 1476; x_wconf 91' lang='lat' dir='ltr'><strong>l.</strong></span> <span class='ocrx_word' id='word_1_115' title='bbox 826 1435 889 1494; x_wconf 67' lang='lat'><strong>³·</strong></span> <span class='ocrx_word' id='word_1_116' title='bbox 912 1428 1255 1495; x_wconf 74' lang='lat' dir='ltr'><strong>praepostero.</strong></span> <span class='ocrx_word' id='word_1_117' title='bbox 1286 1429 1608 1493; x_wconf 76' lang='lat' dir='ltr'><strong>praepostere</strong></span> <span class='ocrx_word' id='word_1_118' title='bbox 1634 1406 1823 1492; x_wconf 86' lang='lat' dir='ltr'><strong>vulgo</strong></span> <span class='ocrx_word' id='word_1_119' title='bbox 1849 1407 2137 1477; x_wconf 73' lang='lat' dir='ltr'><strong>edebatur</strong></span> <span class='ocrx_word' id='word_1_120' title='bbox 2153 1458 2172 1485; x_wconf 88' lang='lat'><strong>‚</strong></span> <span class='ocrx_word' id='word_1_121' title='bbox 2207 1410 2368 1494; x_wconf 86' lang='lat' dir='ltr'><strong>quod</strong></span> <span class='ocrx_word' id='word_1_122' title='bbox 2398 1412 2592 1495; x_wconf 86' lang='lat' dir='ltr'><strong>ipsum</strong></span> 
     </span>
     <span class='ocr_line' id='line_1_13' title="bbox 680 1492 2594 1576; baseline 0.001 -19"><span class='ocrx_word' id='word_1_123' title='bbox 680 1496 861 1557; x_wconf 79' lang='lat' dir='ltr'><strong>etiam</strong></span> <span class='ocrx_word' id='word_1_124' title='bbox 886 1494 1101 1555; x_wconf 79' lang='lat' dir='ltr'><strong>dabant</strong></span> <span class='ocrx_word' id='word_1_125' title='bbox 1158 1509 1380 1555; x_wconf 84' lang='lat' dir='ltr'><strong>uatuor</strong></span> <span class='ocrx_word' id='word_1_126' title='bbox 1401 1512 1474 1553; x_wconf 82' lang='lat' dir='ltr'><strong>ex</strong></span> <span class='ocrx_word' id='word_1_127' title='bbox 1493 1492 1738 1555; x_wconf 87' lang='lat' dir='ltr'><strong>Gruteri</strong></span> <span class='ocrx_word' id='word_1_128' title='bbox 1759 1492 2075 1555; x_wconf 82' lang='lat' dir='ltr'><strong>codicibus.</strong></span> <span class='ocrx_word' id='word_1_129' title='bbox 2091 1512 2426 1576; x_wconf 82' lang='lat' dir='ltr'><strong>praepostera</strong></span> <span class='ocrx_word' id='word_1_130' title='bbox 2449 1514 2594 1557; x_wconf 86' lang='lat' dir='ltr'><strong>eno·</strong></span> 
     </span>
     <span class='ocr_line' id='line_1_14' title="bbox 681 1574 2586 1657; baseline 0 -20"><span class='ocrx_word' id='word_1_131' title='bbox 681 1590 869 1638; x_wconf 85' lang='lat' dir='ltr'><strong>tatum</strong></span> <span class='ocrx_word' id='word_1_132' title='bbox 894 1593 931 1635; x_wconf 88' lang='lat' dir='ltr'><strong>e</strong></span> <span class='ocrx_word' id='word_1_133' title='bbox 949 1585 1065 1637; x_wconf 74' lang='lat' dir='ltr'><strong>nis.</strong></span> <span class='ocrx_word' id='word_1_134' title='bbox 1146 1574 1269 1657; x_wconf 87' lang='lat' dir='ltr'><strong>mpl.</strong></span> <span class='ocrx_word' id='word_1_135' title='bbox 1292 1574 1466 1637; x_wconf 84' lang='lat' dir='ltr'>Haud</span> <span class='ocrx_word' id='word_1_136' title='bbox 1490 1589 1838 1636; x_wconf 82' lang='lat' dir='ltr'><strong>cunctanter</strong></span> <span class='ocrx_word' id='word_1_137' title='bbox 1857 1574 2122 1655; x_wconf 85' lang='lat' dir='ltr'><strong>equidem</strong></span> <span class='ocrx_word' id='word_1_138' title='bbox 2143 1574 2433 1656; x_wconf 86' lang='lat' dir='ltr'><strong>adoptavi</strong></span> <span class='ocrx_word' id='word_1_139' title='bbox 2451 1576 2586 1637; x_wconf 91' lang='lat' dir='ltr'><strong>scri·</strong></span> 
     </span>
     <span class='ocr_line' id='line_1_15' title="bbox 680 1654 2592 1738; baseline 0 -19"><span class='ocrx_word' id='word_1_140' title='bbox 680 1673 945 1738; x_wconf 61' lang='lat' dir='ltr'><strong>loturam,</strong></span> <span class='ocrx_word' id='word_1_141' title='bbox 991 1674 1169 1738; x_wconf 86' lang='lat' dir='ltr'><strong>quam</strong></span> <span class='ocrx_word' id='word_1_142' title='bbox 1208 1654 1417 1717; x_wconf 83' lang='lat' dir='ltr'><strong>dedere</strong></span> <span class='ocrx_word' id='word_1_143' title='bbox 1455 1656 1644 1716; x_wconf 81' lang='lat' dir='ltr'><strong>nostri</strong></span> <span class='ocrx_word' id='word_1_144' title='bbox 1683 1673 1816 1717; x_wconf 85' lang='lat' dir='ltr'><strong>mss.</strong></span> <span class='ocrx_word' id='word_1_145' title='bbox 1839 1680 1896 1717; x_wconf 88' lang='lat' dir='ltr'><strong>a.</strong></span> <span class='ocrx_word' id='word_1_146' title='bbox 1915 1656 2043 1717; x_wconf 79' lang='lat' dir='ltr'><strong>eth.</strong></span> <span class='ocrx_word' id='word_1_147' title='bbox 2084 1658 2592 1719; x_wconf 85' lang='lat' dir='ltr'><strong>consentientibus</strong></span> 
     </span>
     <span class='ocr_line' id='line_1_16' title="bbox 680 1733 2590 1821; baseline -0.001 -20"><span class='ocrx_word' id='word_1_148' title='bbox 680 1754 941 1821; x_wconf 83' lang='lat' dir='ltr'><strong>quatuor</strong></span> <span class='ocrx_word' id='word_1_149' title='bbox 966 1736 1273 1800; x_wconf 85' lang='lat' dir='ltr'><strong>codicibus</strong></span> <span class='ocrx_word' id='word_1_150' title='bbox 1293 1733 1607 1818; x_wconf 83' lang='lat' dir='ltr'><strong>Opsopoei</strong></span> <span class='ocrx_word' id='word_1_151' title='bbox 1626 1781 1646 1811; x_wconf 92' lang='lat'>,</span> <span class='ocrx_word' id='word_1_152' title='bbox 1666 1735 1695 1817; x_wconf 96' lang='lat'>(</span> <span class='ocrx_word' id='word_1_153' title='bbox 1713 1756 1970 1819; x_wconf 77' lang='lat' dir='ltr'><strong>quorum</strong></span> <span class='ocrx_word' id='word_1_154' title='bbox 1989 1735 2046 1796; x_wconf 90' lang='lat' dir='ltr'><strong>in</strong></span> <span class='ocrx_word' id='word_1_155' title='bbox 2077 1755 2326 1798; x_wconf 85' lang='lat' dir='ltr'><strong>numero</strong></span> <span class='ocrx_word' id='word_1_156' title='bbox 2351 1755 2442 1799; x_wconf 88' lang='lat' dir='ltr'><strong>est</strong></span> <span class='ocrx_word' id='word_1_157' title='bbox 2461 1738 2590 1799; x_wconf 76' lang='lat' dir='ltr'><strong>Par.</strong></span> 
     </span>
     <span class='ocr_line' id='line_1_17' title="bbox 680 1814 2590 1901; baseline 0 -20"><span class='ocrx_word' id='word_1_158' title='bbox 680 1820 780 1901; x_wconf 80' lang='lat' dir='ltr'><strong>b.)</strong></span> <span class='ocrx_word' id='word_1_159' title='bbox 824 1836 884 1880; x_wconf 90' lang='lat' dir='ltr'><strong>et</strong></span> <span class='ocrx_word' id='word_1_160' title='bbox 918 1838 1047 1881; x_wconf 91' lang='lat' dir='ltr'><strong>uno</strong></span> <span class='ocrx_word' id='word_1_161' title='bbox 1082 1816 1346 1881; x_wconf 89' lang='lat' dir='ltr'><strong>Gruteri.</strong></span> <span class='ocrx_word' id='word_1_162' title='bbox 1372 1835 1697 1899; x_wconf 73' lang='lat' dir='ltr'><strong>praepostero</strong></span> <span class='ocrx_word' id='word_1_163' title='bbox 1726 1818 1900 1878; x_wconf 76' lang='lat' dir='ltr'><strong>ordine</strong></span> <span class='ocrx_word' id='word_1_164' title='bbox 1931 1814 2206 1881; x_wconf 83' lang='lat' dir='ltr'><strong>scribitur</strong></span> <span class='ocrx_word' id='word_1_165' title='bbox 2243 1818 2300 1878; x_wconf 90' lang='lat' dir='ltr'><strong>in</strong></span> <span class='ocrx_word' id='word_1_166' title='bbox 2328 1836 2433 1879; x_wconf 87' lang='lat' dir='ltr'><strong>ms.</strong></span> <span class='ocrx_word' id='word_1_167' title='bbox 2453 1842 2502 1881; x_wconf 86' lang='lat' dir='ltr'><strong>c.</strong></span> <span class='ocrx_word' id='word_1_168' title='bbox 2535 1836 2590 1881; x_wconf 87' lang='lat' dir='ltr'><strong>et</strong></span> 
     </span>
     <span class='ocr_line' id='line_1_18' title="bbox 682 1897 2592 1983; baseline -0.003 -18"><span class='ocrx_word' id='word_1_169' title='bbox 682 1902 773 1965; x_wconf 86' lang='lat' dir='ltr'><strong>ed.</strong></span> <span class='ocrx_word' id='word_1_170' title='bbox 794 1902 873 1962; x_wconf 87' lang='lat' dir='ltr'><strong>A.</strong></span> <span class='ocrx_word' id='word_1_171' title='bbox 902 1899 963 1961; x_wconf 83' lang='lat' dir='ltr'><strong>in</strong></span> <span class='ocrx_word' id='word_1_172' title='bbox 990 1914 1337 1961; x_wconf 81' lang='lat' dir='ltr'><strong>contextum</strong></span> <span class='ocrx_word' id='word_1_173' title='bbox 1370 1900 1596 1960; x_wconf 84' lang='lat' dir='ltr'><strong>adscito</strong></span> <span class='ocrx_word' id='word_1_174' title='bbox 1621 1897 1956 1971; x_wconf 79' lang='lat' dir='ltr'><strong>vocabulo,</strong></span> <span class='ocrx_word' id='word_1_175' title='bbox 1987 1898 2171 1979; x_wconf 68' lang='lat' dir='ltr'><strong>quod⁴</strong></span> <span class='ocrx_word' id='word_1_176' title='bbox 2189 1918 2344 1960; x_wconf 87' lang='lat' dir='ltr'><strong>unus</strong></span> <span class='ocrx_word' id='word_1_177' title='bbox 2366 1918 2441 1960; x_wconf 80' lang='lat' dir='ltr'><strong>ex</strong></span> <span class='ocrx_word' id='word_1_178' title='bbox 2463 1900 2592 1983; x_wconf 86' lang='lat' dir='ltr'><strong>Op-</strong></span> 
     </span>
     <span class='ocr_line' id='line_1_19' title="bbox 678 1976 2590 2063; baseline -0.002 -16"><span class='ocrx_word' id='word_1_179' title='bbox 678 1982 891 2063; x_wconf 79' lang='lat' dir='ltr'><strong>sopoei</strong></span> <span class='ocrx_word' id='word_1_180' title='bbox 918 1980 1219 2042; x_wconf 88' lang='lat' dir='ltr'><strong>codicibus</strong></span> <span class='ocrx_word' id='word_1_181' title='bbox 1248 1998 1359 2059; x_wconf 86' lang='lat' dir='ltr'><strong>pro</strong></span> <span class='ocrx_word' id='word_1_182' title='bbox 1383 1978 1612 2043; x_wconf 88' lang='lat' dir='ltr'><strong>scholio</strong></span> <span class='ocrx_word' id='word_1_183' title='bbox 1635 1980 1784 2041; x_wconf 87' lang='lat' dir='ltr'><strong>inter</strong></span> <span class='ocrx_word' id='word_1_184' title='bbox 1809 1976 1988 2044; x_wconf 83' lang='lat' dir='ltr'><strong>lineas</strong></span> <span class='ocrx_word' id='word_1_185' title='bbox 2004 1996 2280 2040; x_wconf 88' lang='lat' dir='ltr'><strong>notatum</strong></span> <span class='ocrx_word' id='word_1_186' title='bbox 2311 1980 2590 2044; x_wconf 81' lang='lat' dir='ltr'><strong>habebat.</strong></span> 
     </span>
     <span class='ocr_line' id='line_1_20' title="bbox 680 2060 2589 2144; baseline 0 -19"><span class='ocrx_word' id='word_1_187' title='bbox 680 2062 767 2125; x_wconf 88' lang='lat' dir='ltr'><strong>Ut</strong></span> <span class='ocrx_word' id='word_1_188' title='bbox 782 2079 1108 2144; x_wconf 80' lang='lat' dir='ltr'><strong>praepostero</strong></span> <span class='ocrx_word' id='word_1_189' title='bbox 1136 2078 1247 2141; x_wconf 88' lang='lat' dir='ltr'><strong>pro</strong></span> <span class='ocrx_word' id='word_1_190' title='bbox 1265 2078 1578 2141; x_wconf 77' lang='lat' dir='ltr'><strong>praepostere</strong></span> <span class='ocrx_word' id='word_1_191' title='bbox 1609 2060 1912 2143; x_wconf 86' lang='lat' dir='ltr'><strong>usurpavit</strong></span> <span class='ocrx_word' id='word_1_192' title='bbox 1942 2060 2160 2123; x_wconf 86' lang='lat' dir='ltr'><strong>Seneca</strong></span> <span class='ocrx_word' id='word_1_193' title='bbox 2186 2105 2207 2135; x_wconf 87' lang='lat'><strong>,</strong></span> <span class='ocrx_word' id='word_1_194' title='bbox 2235 2061 2356 2138; x_wconf 81' lang='lat' dir='ltr'><strong>sic,</strong></span> <span class='ocrx_word' id='word_1_195' title='bbox 2385 2062 2589 2125; x_wconf 63' lang='lat' dir='ltr'><strong>eadem</strong></span> 
     </span>
     <span class='ocr_line' id='line_1_21' title="bbox 678 2141 2590 2224; baseline 0.001 -20"><span class='ocrx_word' id='word_1_196' title='bbox 678 2142 1127 2217; x_wconf 84' lang='lat' dir='ltr'><strong>terminatione,</strong></span> <span class='ocrx_word' id='word_1_197' title='bbox 1164 2142 1352 2201; x_wconf 79' lang='lat' dir='ltr'><strong>directo</strong></span> <span class='ocrx_word' id='word_1_198' title='bbox 1393 2160 1502 2221; x_wconf 86' lang='lat' dir='ltr'><strong>pro</strong></span> <span class='ocrx_word' id='word_1_199' title='bbox 1527 2141 1742 2223; x_wconf 72' lang='lat' dir='ltr'><strong>directe,</strong></span> <span class='ocrx_word' id='word_1_200' title='bbox 1783 2141 1891 2224; x_wconf 84' lang='lat' dir='ltr'><strong>Ep.</strong></span> <span class='ocrx_word' id='word_1_201' title='bbox 1917 2154 2101 2203; x_wconf 71' lang='lat' dir='ltr'><strong>vat.</strong></span> <span class='ocrx_word' id='word_1_202' title='bbox 2137 2162 2376 2221; x_wconf 81' lang='lat' dir='ltr'><strong>p.·204‚</strong></span> <span class='ocrx_word' id='word_1_203' title='bbox 2402 2142 2497 2203; x_wconf 88' lang='lat'><strong>18.</strong></span> <span class='ocrx_word' id='word_1_204' title='bbox 2533 2161 2590 2206; x_wconf 88' lang='lat' dir='ltr'><strong>et</strong></span> 
     </span>
     <span class='ocr_line' id='line_1_22' title="bbox 677 2220 2589 2306; baseline -0.001 -20"><span class='ocrx_word' id='word_1_205' title='bbox 677 2224 817 2287; x_wconf 85' lang='lat' dir='ltr'><strong>alibi</strong></span> <span class='ocrx_word' id='word_1_206' title='bbox 848 2224 1030 2303; x_wconf 79' lang='lat' dir='ltr'><strong>iniquo</strong></span> <span class='ocrx_word' id='word_1_207' title='bbox 1068 2240 1181 2305; x_wconf 79' lang='lat' dir='ltr'><strong>pro</strong></span> <span class='ocrx_word' id='word_1_208' title='bbox 1224 2222 1412 2302; x_wconf 83' lang='lat' dir='ltr'><strong>inique.</strong></span> <span class='ocrx_word' id='word_1_209' title='bbox 1473 2220 1615 2285; x_wconf 85' lang='lat' dir='ltr'><strong>Post</strong></span> <span class='ocrx_word' id='word_1_210' title='bbox 1652 2240 1975 2306; x_wconf 75' lang='lat' dir='ltr'><strong>praepostero</strong></span> <span class='ocrx_word' id='word_1_211' title='bbox 2007 2220 2178 2283; x_wconf 77' lang='lat' dir='ltr'><strong>ordine</strong></span> <span class='ocrx_word' id='word_1_212' title='bbox 2216 2240 2435 2285; x_wconf 87' lang='lat' dir='ltr'><strong>vocem</strong></span> <span class='ocrx_word' id='word_1_213' title='bbox 2477 2248 2589 2305; x_wconf 85' lang='lat' dir='ltr'><strong>eque</strong></span> 
     </span>
     <span class='ocr_line' id='line_1_23' title="bbox 678 2299 2590 2385; baseline 0 -18"><span class='ocrx_word' id='word_1_214' title='bbox 678 2306 784 2385; x_wconf 88' lang='lat' dir='ltr'><strong>(id</strong></span> <span class='ocrx_word' id='word_1_215' title='bbox 810 2323 931 2381; x_wconf 89' lang='lat' dir='ltr'><strong>est,-</strong></span> <span class='ocrx_word' id='word_1_216' title='bbox 949 2304 1151 2385; x_wconf 80' lang='lat' dir='ltr'><strong>aeque)</strong></span> <span class='ocrx_word' id='word_1_217' title='bbox 1191 2302 1543 2365; x_wconf 86' lang='lat' dir='ltr'><strong>interserunt</strong></span> <span class='ocrx_word' id='word_1_218' title='bbox 1577 2322 1683 2365; x_wconf 86' lang='lat' dir='ltr'><strong>ms.</strong></span> <span class='ocrx_word' id='word_1_219' title='bbox 1711 2327 1758 2365; x_wconf 90' lang='lat' dir='ltr'><strong>c.</strong></span> <span class='ocrx_word' id='word_1_220' title='bbox 1791 2320 1850 2365; x_wconf 86' lang='lat' dir='ltr'><strong>et</strong></span> <span class='ocrx_word' id='word_1_221' title='bbox 1877 2299 1969 2365; x_wconf 91' lang='lat' dir='ltr'><strong>ed.</strong></span> <span class='ocrx_word' id='word_1_222' title='bbox 2002 2304 2076 2364; x_wconf 76' lang='lat' dir='ltr'><strong>A.</strong></span> <span class='ocrx_word' id='word_1_223' title='bbox 2117 2300 2429 2385; x_wconf 83' lang='lat' dir='ltr'><strong>Iidemque</strong></span> <span class='ocrx_word' id='word_1_224' title='bbox 2456 2305 2590 2377; x_wconf 78' lang='lat' dir='ltr'><strong>libri</strong></span> 
     </span>
     <span class='ocr_line' id='line_1_24' title="bbox 677 2384 2590 2468; baseline 0.003 -20"><span class='ocrx_word' id='word_1_225' title='bbox 677 2406 821 2456; x_wconf 80' lang='lat' dir='ltr'><strong>mox</strong></span> <span class='ocrx_word' id='word_1_226' title='bbox 842 2431 862 2458; x_wconf 84' lang='lat'><em>‚</em></span> <span class='ocrx_word' id='word_1_227' title='bbox 899 2406 1010 2468; x_wconf 82' lang='lat' dir='ltr'><strong>pro</strong></span> <span class='ocrx_word' id='word_1_228' title='bbox 1036 2384 1371 2467; x_wconf 81' lang='lat' dir='ltr'><strong>permiscent,</strong></span> <span class='ocrx_word' id='word_1_229' title='bbox 1421 2384 1666 2468; x_wconf 84' lang='lat' dir='ltr'><strong>simplex</strong></span> <span class='ocrx_word' id='word_1_230' title='bbox 1709 2388 1957 2447; x_wconf 83' lang='lat' dir='ltr'><strong>verbum</strong></span> <span class='ocrx_word' id='word_1_231' title='bbox 2001 2385 2216 2446; x_wconf 81' lang='lat' dir='ltr'><strong>miscent</strong></span> <span class='ocrx_word' id='word_1_232' title='bbox 2247 2385 2488 2452; x_wconf 85' lang='lat' dir='ltr'><strong>habent.</strong></span> <span class='ocrx_word' id='word_1_233' title='bbox 2527 2386 2590 2453; x_wconf 81' lang='lat' dir='ltr'><strong>In</strong></span> 
     </span>
     <span class='ocr_line' id='line_1_25' title="bbox 676 2465 2083 2548; baseline -0.001 -18"><span class='ocrx_word' id='word_1_234' title='bbox 676 2469 906 2530; x_wconf 78' lang='lat' dir='ltr'><strong>eisdem.</strong></span> <span class='ocrx_word' id='word_1_235' title='bbox 924 2465 1217 2547; x_wconf 75' lang='lat' dir='ltr'><strong>Theoftastt&#39;</strong></span> <span class='ocrx_word' id='word_1_236' title='bbox 1234 2465 1554 2540; x_wconf 80' lang='lat' dir='ltr'><strong>scribitur,</strong></span> <span class='ocrx_word' id='word_1_237' title='bbox 1583 2487 1696 2548; x_wconf 85' lang='lat' dir='ltr'><strong>pto</strong></span> <span class='ocrx_word' id='word_1_238' title='bbox 1726 2467 2083 2548; x_wconf 78' lang='lat' dir='ltr'><strong>Theophrasti.</strong></span> 
     </span>
    </p>

    <p class='ocr_par' dir='ltr' id='par_1_5' title="bbox 662 2548 2593 3351">
     <span class='ocr_line' id='line_1_26' title="bbox 757 2548 2590 2630; baseline 0.003 -22"><span class='ocrx_word' id='word_1_239' title='bbox 757 2549 797 2624; x_wconf 72' lang='grc' dir='ltr'><strong>ζ.</strong></span> <span class='ocrx_word' id='word_1_240' title='bbox 822 2550 980 2622; x_wconf 80' lang='grc'><strong>4.-6.</strong></span> <span class='ocrx_word' id='word_1_241' title='bbox 994 2569 1151 2630; x_wconf 81' lang='lat' dir='ltr'><strong>quum</strong></span> <span class='ocrx_word' id='word_1_242' title='bbox 1178 2567 1512 2620; x_wconf 80' lang='lat' dir='ltr'><strong>amaverunt,</strong></span> <span class='ocrx_word' id='word_1_243' title='bbox 1527 2565 1588 2608; x_wconf 87' lang='lat' dir='ltr'><strong>et</strong></span> <span class='ocrx_word' id='word_1_244' title='bbox 1613 2570 1768 2630; x_wconf 85' lang='lat' dir='ltr'><strong>quum</strong></span> <span class='ocrx_word' id='word_1_245' title='bbox 1782 2548 2171 2620; x_wconf 72' lang='lat' dir='ltr'><strong>iudicaverunt,</strong></span> <span class='ocrx_word' id='word_1_246' title='bbox 2193 2564 2355 2610; x_wconf 87' lang='lat' dir='ltr'><strong>recte</strong></span> <span class='ocrx_word' id='word_1_247' title='bbox 2377 2549 2590 2614; x_wconf 82' lang='lat' dir='ltr'><strong>dedere</strong></span> 
     </span>
     <span class='ocr_line' id='line_1_27' title="bbox 672 2628 2592 2711; baseline 0 -19"><span class='ocrx_word' id='word_1_248' title='bbox 672 2629 864 2692; x_wconf 85' lang='lat' dir='ltr'><strong>nostri</strong></span> <span class='ocrx_word' id='word_1_249' title='bbox 886 2648 1027 2692; x_wconf 80' lang='lat' dir='ltr'><strong>mss.</strong></span> <span class='ocrx_word' id='word_1_250' title='bbox 1052 2653 1107 2691; x_wconf 85' lang='lat' dir='ltr'><strong>a.</strong></span> <span class='ocrx_word' id='word_1_251' title='bbox 1132 2630 1257 2690; x_wconf 83' lang='lat' dir='ltr'><strong>eth.</strong></span> <span class='ocrx_word' id='word_1_252' title='bbox 1284 2646 1422 2690; x_wconf 84' lang='lat' dir='ltr'><strong>cum</strong></span> <span class='ocrx_word' id='word_1_253' title='bbox 1447 2629 1577 2689; x_wconf 87' lang='lat' dir='ltr'><strong>Par.</strong></span> <span class='ocrx_word' id='word_1_254' title='bbox 1593 2632 1646 2689; x_wconf 86' lang='lat' dir='ltr'><strong>b.</strong></span> <span class='ocrx_word' id='word_1_255' title='bbox 1673 2647 1829 2702; x_wconf 85' lang='lat' dir='ltr'><strong>non,</strong></span> <span class='ocrx_word' id='word_1_256' title='bbox 1865 2647 1934 2691; x_wconf 91' lang='lat' dir='ltr'><strong>ut</strong></span> <span class='ocrx_word' id='word_1_257' title='bbox 1951 2628 2172 2711; x_wconf 80' lang='lat' dir='ltr'><strong>vulgo,</strong></span> <span class='ocrx_word' id='word_1_258' title='bbox 2193 2651 2355 2710; x_wconf 81' lang='lat' dir='ltr'><strong>quum</strong></span> <span class='ocrx_word' id='word_1_259' title='bbox 2371 2653 2592 2692; x_wconf 79' lang='lat' dir='ltr'><strong>amave-</strong></span> 
     </span>
     <span class='ocr_line' id='line_1_28' title="bbox 674 2709 2592 2792; baseline 0.001 -19"><span class='ocrx_word' id='word_1_260' title='bbox 674 2712 785 2774; x_wconf 81' lang='lat' dir='ltr'><strong>rint</strong></span> <span class='ocrx_word' id='word_1_261' title='bbox 795 2757 818 2784; x_wconf 91' lang='lat'><em>‚</em></span> <span class='ocrx_word' id='word_1_262' title='bbox 842 2726 903 2770; x_wconf 89' lang='lat' dir='ltr'><strong>et</strong></span> <span class='ocrx_word' id='word_1_263' title='bbox 930 2732 1089 2790; x_wconf 82' lang='lat' dir='ltr'><strong>quum</strong></span> <span class='ocrx_word' id='word_1_264' title='bbox 1108 2709 1470 2771; x_wconf 79' lang='lat' dir='ltr'><strong>iudicaverint.</strong></span> <span class='ocrx_word' id='word_1_265' title='bbox 1491 2709 1648 2770; x_wconf 82' lang='lat' dir='ltr'><strong>Mox</strong></span> <span class='ocrx_word' id='word_1_266' title='bbox 1673 2711 1796 2770; x_wconf 84' lang='lat' dir='ltr'><strong>ibid.</strong></span> <span class='ocrx_word' id='word_1_267' title='bbox 1819 2730 1929 2790; x_wconf 87' lang='lat' dir='ltr'><strong>pro</strong></span> <span class='ocrx_word' id='word_1_268' title='bbox 1957 2713 2130 2792; x_wconf 83' lang='lat' dir='ltr'><strong>cogita</strong></span> <span class='ocrx_word' id='word_1_269' title='bbox 2145 2755 2167 2783; x_wconf 88' lang='lat'>,</span> <span class='ocrx_word' id='word_1_270' title='bbox 2200 2712 2363 2791; x_wconf 87' lang='lat' dir='ltr'><strong>quod</strong></span> <span class='ocrx_word' id='word_1_271' title='bbox 2387 2727 2592 2782; x_wconf 80' lang='lat' dir='ltr'><strong>tenent</strong></span> 
     </span>
     <span class='ocr_line' id='line_1_29' title="bbox 673 2789 2586 2867; baseline 0 -12"><span class='ocrx_word' id='word_1_272' title='bbox 673 2793 813 2867; x_wconf 84' lang='lat' dir='ltr'><strong>alii,</strong></span> <span class='ocrx_word' id='word_1_273' title='bbox 860 2792 1075 2854; x_wconf 86' lang='lat' dir='ltr'><strong>habent</strong></span> <span class='ocrx_word' id='word_1_274' title='bbox 1114 2789 1332 2852; x_wconf 80' lang='lat' dir='ltr'><strong>delibera</strong></span> <span class='ocrx_word' id='word_1_275' title='bbox 1378 2807 1500 2853; x_wconf 86' lang='lat' dir='ltr'><strong>tres</strong></span> <span class='ocrx_word' id='word_1_276' title='bbox 1541 2791 1709 2853; x_wconf 87' lang='lat' dir='ltr'><strong>codd.</strong></span> <span class='ocrx_word' id='word_1_277' title='bbox 1752 2789 1928 2853; x_wconf 87' lang='lat' dir='ltr'><strong>Grut.</strong></span> <span class='ocrx_word' id='word_1_278' title='bbox 1968 2791 2144 2860; x_wconf 74' lang='lat' dir='ltr'><strong>iudica</strong></span> <span class='ocrx_word' id='word_1_279' title='bbox 2183 2811 2332 2854; x_wconf 86' lang='lat' dir='ltr'><strong>vero</strong></span> <span class='ocrx_word' id='word_1_280' title='bbox 2374 2790 2507 2855; x_wconf 82' lang='lat' dir='ltr'><strong>Par.</strong></span> <span class='ocrx_word' id='word_1_281' title='bbox 2531 2817 2586 2856; x_wconf 87' lang='lat' dir='ltr'><strong>a.</strong></span> 
     </span>
     <span class='ocr_line' id='line_1_30' title="bbox 673 2871 2590 2954; baseline 0.002 -20"><span class='ocrx_word' id='word_1_282' title='bbox 673 2876 718 2934; x_wconf 82' lang='lat' dir='ltr'><strong>l.</strong></span> <span class='ocrx_word' id='word_1_283' title='bbox 742 2875 785 2936; x_wconf 88' lang='lat'><em>6</em></span> <span class='ocrx_word' id='word_1_284' title='bbox 804 2897 880 2954; x_wconf 85' lang='lat' dir='ltr'><strong>sq.</strong></span> <span class='ocrx_word' id='word_1_285' title='bbox 920 2897 993 2934; x_wconf 73' lang='lat' dir='ltr'><strong>aa</strong></span> <span class='ocrx_word' id='word_1_286' title='bbox 1020 2873 1115 2934; x_wconf 78' lang='lat' dir='ltr'><strong>tibi</strong></span> <span class='ocrx_word' id='word_1_287' title='bbox 1145 2873 1203 2934; x_wconf 76' lang='lat' dir='ltr'><strong>ia</strong></span> <span class='ocrx_word' id='word_1_288' title='bbox 1234 2873 1524 2934; x_wconf 81' lang='lat' dir='ltr'><strong>amicitiam</strong></span> <span class='ocrx_word' id='word_1_289' title='bbox 1555 2873 1748 2954; x_wconf 81' lang='lat' dir='ltr'><strong>aliquis</strong></span> <span class='ocrx_word' id='word_1_290' title='bbox 1776 2872 2090 2954; x_wconf 80' lang='lat' dir='ltr'><strong>recipiendus</strong></span> <span class='ocrx_word' id='word_1_291' title='bbox 2115 2873 2203 2934; x_wconf 81' lang='lat' dir='ltr'><strong>sit.</strong></span> <span class='ocrx_word' id='word_1_292' title='bbox 2249 2871 2404 2936; x_wconf 85' lang='lat' dir='ltr'><strong>Com</strong></span> <span class='ocrx_word' id='word_1_293' title='bbox 2413 2873 2590 2937; x_wconf 84' lang='lat' dir='ltr'><strong>mode</strong></span> 
     </span>
     <span class='ocr_line' id='line_1_31' title="bbox 674 2953 2593 3038; baseline 0.001 -24"><span class='ocrx_word' id='word_1_294' title='bbox 674 2973 788 3016; x_wconf 73' lang='grc' dir='ltr'><strong>ως.</strong></span> <span class='ocrx_word' id='word_1_295' title='bbox 809 2975 856 3013; x_wconf 86' lang='lat' dir='ltr'><strong>c.</strong></span> <span class='ocrx_word' id='word_1_296' title='bbox 882 2969 941 3014; x_wconf 85' lang='lat' dir='ltr'><strong>et</strong></span> <span class='ocrx_word' id='word_1_297' title='bbox 969 2955 1064 3015; x_wconf 87' lang='lat' dir='ltr'><strong>ed.</strong></span> <span class='ocrx_word' id='word_1_298' title='bbox 1088 2955 1171 3015; x_wconf 82' lang='lat' dir='ltr'><strong>A.</strong></span> <span class='ocrx_word' id='word_1_299' title='bbox 1200 2977 1272 3014; x_wconf 79' lang='lat' dir='ltr'><strong>an</strong></span> <span class='ocrx_word' id='word_1_300' title='bbox 1301 2954 1358 3013; x_wconf 81' lang='lat' dir='ltr'><strong>in</strong></span> <span class='ocrx_word' id='word_1_301' title='bbox 1385 2953 1540 3015; x_wconf 84' lang='lat' dir='ltr'><strong>amic.</strong></span> <span class='ocrx_word' id='word_1_302' title='bbox 1575 2955 1706 3036; x_wconf 84' lang='lat' dir='ltr'><strong>aliq.</strong></span> <span class='ocrx_word' id='word_1_303' title='bbox 1735 2955 1810 3013; x_wconf 82' lang='lat' dir='ltr'><strong>sit</strong></span> <span class='ocrx_word' id='word_1_304' title='bbox 1837 2955 1932 3012; x_wconf 83' lang='lat' dir='ltr'><strong>tibi</strong></span> <span class='ocrx_word' id='word_1_305' title='bbox 1963 2954 2113 3038; x_wconf 85' lang='lat' dir='ltr'><strong>recip.</strong></span> <span class='ocrx_word' id='word_1_306' title='bbox 2197 2953 2234 3015; x_wconf 85' lang='lat' dir='ltr'><strong>I.</strong></span> <span class='ocrx_word' id='word_1_307' title='bbox 2257 2973 2313 3031; x_wconf 89' lang='lat'><strong>7.</strong></span> <span class='ocrx_word' id='word_1_308' title='bbox 2333 2953 2593 3038; x_wconf 75' lang='lat' dir='ltr'><strong>placuerit</strong></span> 
     </span>
     <span class='ocr_line' id='line_1_32' title="bbox 662 3032 2593 3116; baseline 0.002 -23"><span class='ocrx_word' id='word_1_309' title='bbox 662 3035 805 3114; x_wconf 79' lang='lat' dir='ltr'><strong>fieri.</strong></span> <span class='ocrx_word' id='word_1_310' title='bbox 836 3033 1095 3115; x_wconf 78' lang='lat' dir='ltr'><strong>placuerit</strong></span> <span class='ocrx_word' id='word_1_311' title='bbox 1116 3032 1211 3094; x_wconf 82' lang='lat' dir='ltr'><strong>tibi</strong></span> <span class='ocrx_word' id='word_1_312' title='bbox 1230 3035 1353 3114; x_wconf 79' lang='lat' dir='ltr'><strong>fieri</strong></span> <span class='ocrx_word' id='word_1_313' title='bbox 1383 3032 1535 3096; x_wconf 84' lang='lat' dir='ltr'><strong>idem</strong></span> <span class='ocrx_word' id='word_1_314' title='bbox 1567 3054 1673 3096; x_wconf 78' lang='lat' dir='ltr'><strong>ms·</strong></span> <span class='ocrx_word' id='word_1_315' title='bbox 1691 3059 1741 3096; x_wconf 87' lang='lat' dir='ltr'><strong>c.</strong></span> <span class='ocrx_word' id='word_1_316' title='bbox 1765 3053 1898 3096; x_wconf 86' lang='lat' dir='ltr'><strong>cum</strong></span> <span class='ocrx_word' id='word_1_317' title='bbox 1929 3034 2021 3095; x_wconf 90' lang='lat' dir='ltr'><strong>ed.</strong></span> <span class='ocrx_word' id='word_1_318' title='bbox 2039 3037 2114 3095; x_wconf 87' lang='lat' dir='ltr'><strong>A.</strong></span> <span class='ocrx_word' id='word_1_319' title='bbox 2143 3033 2204 3096; x_wconf 93' lang='lat' dir='ltr'>N</span> <span class='ocrx_word' id='word_1_320' title='bbox 2209 3037 2318 3096; x_wconf 90' lang='lat' dir='ltr'><strong>ude</strong></span> <span class='ocrx_word' id='word_1_321' title='bbox 2336 3037 2593 3116; x_wconf 81' lang='lat' dir='ltr'><strong>placuerit</strong></span> 
     </span>
     <span class='ocr_line' id='line_1_33' title="bbox 674 3113 2590 3182; baseline 0.004 -8"><span class='ocrx_word' id='word_1_322' title='bbox 674 3117 771 3176; x_wconf 78' lang='lat' dir='ltr'><strong>tibi</strong></span> <span class='ocrx_word' id='word_1_323' title='bbox 788 3131 880 3177; x_wconf 81' lang='lat' dir='ltr'><strong>est</strong></span> <span class='ocrx_word' id='word_1_324' title='bbox 900 3115 961 3175; x_wconf 84' lang='lat' dir='ltr'><strong>in</strong></span> <span class='ocrx_word' id='word_1_325' title='bbox 992 3115 1125 3174; x_wconf 85' lang='lat' dir='ltr'><strong>Par.</strong></span> <span class='ocrx_word' id='word_1_326' title='bbox 1148 3137 1207 3174; x_wconf 89' lang='lat' dir='ltr'><strong>a.</strong></span> <span class='ocrx_word' id='word_1_327' title='bbox 1288 3115 1331 3175; x_wconf 85' lang='lat' dir='ltr'><strong>l.</strong></span> <span class='ocrx_word' id='word_1_328' title='bbox 1355 3113 1411 3174; x_wconf 85' lang='lat'><strong>8.</strong></span> <span class='ocrx_word' id='word_1_329' title='bbox 1431 3115 1696 3178; x_wconf 78' lang='lat' dir='ltr'><strong>audacter.</strong></span> <span class='ocrx_word' id='word_1_330' title='bbox 1717 3118 1899 3176; x_wconf 81' lang='lat' dir='ltr'><strong>auda</strong></span> <span class='ocrx_word' id='word_1_331' title='bbox 1916 3116 2049 3176; x_wconf 83' lang='lat' dir='ltr'><strong>cite</strong></span> <span class='ocrx_word' id='word_1_332' title='bbox 2064 3137 2092 3172; x_wconf 86' lang='lat' dir='ltr'><strong>r</strong></span> <span class='ocrx_word' id='word_1_333' title='bbox 2123 3117 2221 3176; x_wconf 87' lang='lat' dir='ltr'><strong>dat</strong></span> <span class='ocrx_word' id='word_1_334' title='bbox 2248 3133 2456 3178; x_wconf 75' lang='lat' dir='ltr'><strong>noster</strong></span> <span class='ocrx_word' id='word_1_335' title='bbox 2481 3137 2590 3182; x_wconf 75' lang='grc' dir='ltr'><strong>ως.</strong></span> 
     </span>
     <span class='ocr_line' id='line_1_34' title="bbox 673 3193 2590 3278; baseline 0.002 -20"><span class='ocrx_word' id='word_1_336' title='bbox 673 3219 731 3258; x_wconf 88' lang='lat' dir='ltr'><strong>a.</strong></span> <span class='ocrx_word' id='word_1_337' title='bbox 764 3194 967 3274; x_wconf 85' lang='lat' dir='ltr'><strong>(quod</strong></span> <span class='ocrx_word' id='word_1_338' title='bbox 983 3211 1146 3257; x_wconf 84' lang='lat' dir='ltr'><strong>‚nunc</strong></span> <span class='ocrx_word' id='word_1_339' title='bbox 1170 3193 1410 3256; x_wconf 82' lang='lat' dir='ltr'><strong>demum</strong></span> <span class='ocrx_word' id='word_1_340' title='bbox 1435 3195 1858 3276; x_wconf 77' lang='lat' dir='ltr'><strong>animadverti)</strong></span> <span class='ocrx_word' id='word_1_341' title='bbox 1890 3215 2022 3257; x_wconf 87' lang='lat' dir='ltr'><strong>cum</strong></span> <span class='ocrx_word' id='word_1_342' title='bbox 2053 3195 2228 3258; x_wconf 77' lang='lat' dir='ltr'><strong>Paris.</strong></span> <span class='ocrx_word' id='word_1_343' title='bbox 2251 3199 2306 3257; x_wconf 80' lang='lat' dir='ltr'><strong>b.</strong></span> <span class='ocrx_word' id='word_1_344' title='bbox 2327 3201 2379 3258; x_wconf 80' lang='lat' dir='ltr'><strong>d.</strong></span> <span class='ocrx_word' id='word_1_345' title='bbox 2409 3199 2590 3278; x_wconf 80' lang='lat' dir='ltr'><strong>paulo</strong></span> 
     </span>
     <span class='ocr_line' id='line_1_35' title="bbox 670 3273 2588 3351; baseline 0.002 -12"><span class='ocrx_word' id='word_1_346' title='bbox 670 3276 899 3340; x_wconf 81' lang='lat' dir='ltr'><strong>rariore</strong></span> <span class='ocrx_word' id='word_1_347' title='bbox 918 3273 1195 3338; x_wconf 82' lang='lat' dir='ltr'><strong>vocabuli</strong></span> <span class='ocrx_word' id='word_1_348' title='bbox 1210 3273 1406 3338; x_wconf 86' lang='lat' dir='ltr'><strong>forma</strong></span> <span class='ocrx_word' id='word_1_349' title='bbox 1417 3322 1437 3351; x_wconf 86' lang='lat'><strong>,</strong></span> <span class='ocrx_word' id='word_1_350' title='bbox 1451 3275 1550 3338; x_wconf 88' lang='lat' dir='ltr'><strong>sed</strong></span> <span class='ocrx_word' id='word_1_351' title='bbox 1567 3273 1830 3338; x_wconf 82' lang='lat' dir='ltr'><strong>Senecae</strong></span> <span class='ocrx_word' id='word_1_352' title='bbox 1845 3277 1998 3338; x_wconf 85' lang='lat' dir='ltr'><strong>haud</strong></span> <span class='ocrx_word' id='word_1_353' title='bbox 2014 3276 2192 3348; x_wconf 79' lang='lat' dir='ltr'><strong>dubie</strong></span> <span class='ocrx_word' id='word_1_354' title='bbox 2211 3277 2588 3342; x_wconf 79' lang='lat' dir='ltr'><strong>restituenda.</strong></span> 
     </span>
    </p>

    <p class='ocr_par' dir='ltr' id='par_1_6' title="bbox 670 3354 2592 3937">
     <span class='ocr_line' id='line_1_36' title="bbox 752 3354 2589 3442; baseline 0.003 -24"><span class='ocrx_word' id='word_1_355' title='bbox 752 3359 790 3420; x_wconf 87' lang='lat' dir='ltr'><strong>l.</strong></span> <span class='ocrx_word' id='word_1_356' title='bbox 819 3381 879 3439; x_wconf 87' lang='lat'><strong>9.</strong></span> <span class='ocrx_word' id='word_1_357' title='bbox 918 3377 979 3417; x_wconf 83' lang='lat' dir='ltr'><strong>ut</strong></span> <span class='ocrx_word' id='word_1_358' title='bbox 1006 3355 1145 3418; x_wconf 79' lang='lat' dir='ltr'><strong>nihil</strong></span> <span class='ocrx_word' id='word_1_359' title='bbox 1168 3354 1261 3426; x_wconf 73' lang='lat' dir='ltr'><strong>tibi</strong></span> <span class='ocrx_word' id='word_1_360' title='bbox 1290 3355 1598 3420; x_wconf 83' lang='lat' dir='ltr'><strong>committas.</strong></span> <span class='ocrx_word' id='word_1_361' title='bbox 1638 3355 1935 3420; x_wconf 86' lang='lat' dir='ltr'><strong>Voculam</strong></span> <span class='ocrx_word' id='word_1_362' title='bbox 1963 3358 2100 3432; x_wconf 80' lang='lat' dir='ltr'><strong>tibi,</strong></span> <span class='ocrx_word' id='word_1_363' title='bbox 2139 3378 2324 3440; x_wconf 88' lang='lat' dir='ltr'><strong>quum</strong></span> <span class='ocrx_word' id='word_1_364' title='bbox 2353 3379 2589 3442; x_wconf 85' lang='lat' dir='ltr'><strong>praeter</strong></span> 
     </span>
     <span class='ocr_line' id='line_1_37' title="bbox 670 3435 2588 3514; baseline 0.001 -12"><span class='ocrx_word' id='word_1_365' title='bbox 670 3439 963 3502; x_wconf 78' lang='lat' dir='ltr'><strong>rationem</strong></span> <span class='ocrx_word' id='word_1_366' title='bbox 1014 3437 1218 3499; x_wconf 60' lang='lat' dir='ltr'><strong>eiecta»</strong></span> <span class='ocrx_word' id='word_1_367' title='bbox 1236 3451 1390 3500; x_wconf 87' lang='lat' dir='ltr'><strong>esset</strong></span> <span class='ocrx_word' id='word_1_368' title='bbox 1427 3457 1474 3499; x_wconf 89' lang='lat' dir='ltr'><strong>a.</strong></span> <span class='ocrx_word' id='word_1_369' title='bbox 1500 3435 1786 3514; x_wconf 88' lang='lat' dir='ltr'><strong>Mureto,</strong></span> <span class='ocrx_word' id='word_1_370' title='bbox 1831 3455 1990 3503; x_wconf 85' lang='lat' dir='ltr'><strong>recte</strong></span> <span class='ocrx_word' id='word_1_371' title='bbox 2029 3439 2346 3502; x_wconf 86' lang='lat' dir='ltr'><strong>revocavit</strong></span> <span class='ocrx_word' id='word_1_372' title='bbox 2383 3440 2588 3509; x_wconf 86' lang='lat' dir='ltr'><strong>Ruhk.</strong></span> 
     </span>
     <span class='ocr_line' id='line_1_38' title="bbox 670 3515 2588 3600; baseline 0.002 -18"><span class='ocrx_word' id='word_1_373' title='bbox 670 3538 958 3583; x_wconf 85' lang='lat' dir='ltr'><strong>monente</strong></span> <span class='ocrx_word' id='word_1_374' title='bbox 1002 3516 1343 3582; x_wconf 85' lang='lat' dir='ltr'><strong>Gronovio.</strong></span> <span class='ocrx_word' id='word_1_375' title='bbox 1379 3519 1732 3600; x_wconf 82' lang='lat' dir='ltr'><strong>Agnoscunt</strong></span> <span class='ocrx_word' id='word_1_376' title='bbox 1771 3539 1898 3580; x_wconf 88' lang='lat' dir='ltr'><strong>eam</strong></span> <span class='ocrx_word' id='word_1_377' title='bbox 1929 3535 2125 3582; x_wconf 86' lang='lat' dir='ltr'><strong>autem</strong></span> <span class='ocrx_word' id='word_1_378' title='bbox 2164 3541 2304 3582; x_wconf 85' lang='lat' dir='ltr'><strong>cum</strong></span> <span class='ocrx_word' id='word_1_379' title='bbox 2337 3515 2588 3586; x_wconf 75' lang='lat' dir='ltr'><strong>vetustis</strong></span> 
     </span>
     <span class='ocr_line' id='line_1_39' title="bbox 672 3597 2588 3684; baseline 0.002 -22"><span class='ocrx_word' id='word_1_380' title='bbox 672 3601 971 3682; x_wconf 83' lang='lat' dir='ltr'><strong>impressis</strong></span> <span class='ocrx_word' id='word_1_381' title='bbox 1010 3599 1171 3662; x_wconf 83' lang='lat' dir='ltr'><strong>mssti</strong></span> <span class='ocrx_word' id='word_1_382' title='bbox 1210 3597 1396 3661; x_wconf 84' lang='lat' dir='ltr'><strong>nostri</strong></span> <span class='ocrx_word' id='word_1_383' title='bbox 1421 3623 1474 3660; x_wconf 91' lang='lat' dir='ltr'><strong>a.</strong></span> <span class='ocrx_word' id='word_1_384' title='bbox 1502 3601 1551 3660; x_wconf 87' lang='lat' dir='ltr'><strong>b.</strong></span> <span class='ocrx_word' id='word_1_385' title='bbox 1577 3623 1624 3662; x_wconf 91' lang='lat' dir='ltr'><strong>c.</strong></span> <span class='ocrx_word' id='word_1_386' title='bbox 1664 3614 1725 3663; x_wconf 87' lang='lat' dir='ltr'><strong>et</strong></span> <span class='ocrx_word' id='word_1_387' title='bbox 1762 3601 1892 3662; x_wconf 83' lang='lat' dir='ltr'><strong>Par.</strong></span> <span class='ocrx_word' id='word_1_388' title='bbox 1917 3624 1972 3662; x_wconf 90' lang='lat' dir='ltr'><strong>a.</strong></span> <span class='ocrx_word' id='word_1_389' title='bbox 1999 3601 2050 3660; x_wconf 83' lang='lat' dir='ltr'><strong>b.</strong></span> <span class='ocrx_word' id='word_1_390' title='bbox 2077 3603 2134 3662; x_wconf 84' lang='lat' dir='ltr'><strong>d.</strong></span> <span class='ocrx_word' id='word_1_391' title='bbox 2171 3601 2408 3684; x_wconf 83' lang='lat' dir='ltr'><strong>aliique.</strong></span> <span class='ocrx_word' id='word_1_392' title='bbox 2469 3605 2588 3666; x_wconf 73' lang='lat' dir='ltr'><strong>Tibi</strong></span> 
     </span>
     <span class='ocr_line' id='line_1_40' title="bbox 670 3681 2583 3766; baseline 0.003 -24"><span class='ocrx_word' id='word_1_393' title='bbox 670 3681 962 3742; x_wconf 79' lang='lat' dir='ltr'><strong>committas</strong></span> <span class='ocrx_word' id='word_1_394' title='bbox 980 3725 1005 3752; x_wconf 89' lang='lat'>,</span> <span class='ocrx_word' id='word_1_395' title='bbox 1040 3681 1099 3742; x_wconf 89' lang='lat' dir='ltr'><strong>id</strong></span> <span class='ocrx_word' id='word_1_396' title='bbox 1121 3696 1213 3742; x_wconf 87' lang='lat' dir='ltr'><strong>est</strong></span> <span class='ocrx_word' id='word_1_397' title='bbox 1224 3726 1247 3756; x_wconf 91' lang='lat'>‚</span> <span class='ocrx_word' id='word_1_398' title='bbox 1278 3699 1474 3744; x_wconf 87' lang='lat' dir='ltr'><strong>tecum</strong></span> <span class='ocrx_word' id='word_1_399' title='bbox 1512 3682 1758 3762; x_wconf 75' lang='lat' dir='ltr'><strong>cogiteS.</strong></span> <span class='ocrx_word' id='word_1_400' title='bbox 1844 3683 1882 3742; x_wconf 89' lang='lat' dir='ltr'><strong>I.</strong></span> <span class='ocrx_word' id='word_1_401' title='bbox 1915 3701 2011 3743; x_wconf 88' lang='lat'><strong>10.</strong></span> <span class='ocrx_word' id='word_1_402' title='bbox 2035 3681 2243 3742; x_wconf 78' lang='lat' dir='ltr'><strong>inimico</strong></span> <span class='ocrx_word' id='word_1_403' title='bbox 2272 3702 2364 3745; x_wconf 80' lang='lat' dir='ltr'><strong>tuo</strong></span> <span class='ocrx_word' id='word_1_404' title='bbox 2387 3688 2583 3766; x_wconf 84' lang='lat' dir='ltr'><strong>possis.</strong></span> 
     </span>
     <span class='ocr_line' id='line_1_41' title="bbox 670 3759 2582 3843; baseline 0.002 -21"><span class='ocrx_word' id='word_1_405' title='bbox 670 3759 933 3822; x_wconf 84' lang='lat' dir='ltr'><strong>Mediam</strong></span> <span class='ocrx_word' id='word_1_406' title='bbox 959 3780 1174 3824; x_wconf 86' lang='lat' dir='ltr'><strong>vocem</strong></span> <span class='ocrx_word' id='word_1_407' title='bbox 1192 3807 1215 3836; x_wconf 86' lang='lat'>,</span> <span class='ocrx_word' id='word_1_408' title='bbox 1250 3779 1311 3825; x_wconf 84' lang='lat' dir='ltr'><strong>et</strong></span> <span class='ocrx_word' id='word_1_409' title='bbox 1350 3761 1533 3843; x_wconf 86' lang='lat' dir='ltr'><strong>ipsam</strong></span> <span class='ocrx_word' id='word_1_410' title='bbox 1563 3780 1598 3821; x_wconf 88' lang='lat' dir='ltr'><strong>a</strong></span> <span class='ocrx_word' id='word_1_411' title='bbox 1624 3761 1874 3825; x_wconf 83' lang='lat' dir='ltr'><strong>Mureto</strong></span> <span class='ocrx_word' id='word_1_412' title='bbox 1911 3765 2128 3824; x_wconf 75' lang='lat' dir='ltr'><strong>&#39;temere</strong></span> <span class='ocrx_word' id='word_1_413' title='bbox 2152 3763 2404 3825; x_wconf 86' lang='lat' dir='ltr'><strong>eiectam</strong></span> <span class='ocrx_word' id='word_1_414' title='bbox 2427 3809 2449 3838; x_wconf 93' lang='lat'>,</span> <span class='ocrx_word' id='word_1_415' title='bbox 2487 3783 2582 3825; x_wconf 88' lang='lat' dir='ltr'><strong>re·</strong></span> 
     </span>
     <span class='ocr_line' id='line_1_42' title="bbox 670 3839 2592 3937; baseline 0.003 -33"><span class='ocrx_word' id='word_1_416' title='bbox 670 3839 839 3904; x_wconf 82' lang='lat' dir='ltr'><strong>stitui</strong></span> <span class='ocrx_word' id='word_1_417' title='bbox 874 3843 1224 3926; x_wconf 78' lang='lat' dir='ltr'><strong>auctoritate</strong></span> <span class='ocrx_word' id='word_1_418' title='bbox 1253 3843 1599 3930; x_wconf 75' lang='lat' dir='ltr'><strong>eorumdem</strong></span> <span class='ocrx_word' id='word_1_419' title='bbox 1618 3887 1639 3919; x_wconf 89' lang='lat'>,</span> <span class='ocrx_word' id='word_1_420' title='bbox 1674 3861 1828 3937; x_wconf 72' lang='lat' dir='ltr'><strong>quos</strong></span> <span class='ocrx_word' id='word_1_421' title='bbox 1856 3843 2042 3907; x_wconf 83' lang='lat' dir='ltr'><strong>modo</strong></span> <span class='ocrx_word' id='word_1_422' title='bbox 2064 3843 2378 3923; x_wconf 57' lang='lat' dir='ltr'><strong>dicebam,</strong></span> <span class='ocrx_word' id='word_1_423' title='bbox 2399 3844 2592 3910; x_wconf 70' lang='lat' dir='ltr'><strong>libro-</strong></span> 
     </span>
    </p>
   </div>
   <div class='ocr_carea' id='block_1_3' title="bbox 1974 3939 1988 3969">
    <p class='ocr_par' dir='ltr' id='par_1_7' title="bbox 1974 3939 1988 3969">
     <span class='ocr_line' id='line_1_43' title="bbox 1974 3939 1988 3969; baseline 0 0"><span class='ocrx_word' id='word_1_424' title='bbox 1974 3939 1988 3969; x_wconf 67' lang='lat' dir='ltr'><strong>lt</strong></span> 
     </span>
    </p>
   </div>
   <div class='ocr_carea' id='block_1_4' title="bbox 2725 2162 2740 4775">
    <p class='ocr_par' dir='ltr' id='par_1_8' title="bbox 2725 2162 2740 4775">
     <span class='ocr_line' id='line_1_44' title="bbox 2725 2162 2740 4775; baseline 0 0"><span class='ocrx_word' id='word_1_425' title='bbox 2725 2162 2740 4775; x_wconf 95' lang='lat' dir='ltr'><strong> </strong></span> 
     </span>
    </p>
   </div>
  </div>
 </body>
</html>
