2759 4825
653 365 802 476 '214
989 324 1098 452 sL.
1149 369 1613 449 ΑΝΝΑΕῙ
1670 335 2245 455 SENECA-‘1³-

655 545 835 618 inde
861 544 1071 616 etiam
1101 567 1142 614 e
1160 540 1517 614 contrario
1540 556 1735 609 stare.
1760 537 1881 607 Isti
1902 559 2055 607 non
2080 531 2427 606 videntur
2452 532 2577 603 tibi

655 669 904 726 contra
929 657 1254 722 naturam
1285 651 1559 736 vivere,
1584 647 1711 739 qui
1736 646 1959 716 ieiuni
1985 643 2297 731 bibunt,
2324 642 2459 734 qui
2484 641 2578 713 vi-

657 787 840 834 num
869 760 1224 852 recipiunt
1257 755 1589 828 inanibus
1620 753 1859 840 venis,
1885 771 1960 824 et
1986 751 2077 824 ad
2116 753 2367 824 cibum
2410 749 2577 820 ebrii

657 867 1074 940 transeunt?
1108 867 1333 958 Atqui
1363 863 1699 955 frequens
1724 861 1863 932 hoc
1888 857 2453 932 adolescentium
2482 855 2580 928 vi-

659 979 844 1050 tium
887 999 1028 1061 est,
1071 974 1199 1068 qui
1241 976 1421 1043 vires
1460 969 1845 1057 excolunt,
1891 985 2019 1058 ut,
2062 968 2139 1038 in
2170 971 2328 1060 ipso
2360 988 2581 1060 paene

659 1087 902 1158 balnei
925 1085 1171 1154 limine
1193 1135 1214 1168 ‚
1239 1083 1424 1152 inter
1454 1079 1687 1151 nudos
1708 1079 1965 1152 bibant
1984 1129 2005 1165 ‚
2038 1079 2579 1170 immupotent3

661 1214 748 1270 ut
771 1196 1108 1267 sudorem
1131 1245 1154 1279 ,
1195 1216 1415 1286 quem
1446 1209 1833 1262 moverunt
1864 1188 2285 1283 potionibus
2328 1185 2581 1258 crebris

659 1329 744 1381 ac
783 1303 1221 1374 ferventibus
1249 1355 1268 1386 ‚
1319 1299 1628 1370 subinde
1676 1299 2108 1396 distringant.
2168 1299 2339 1369 Post
2378 1318 2582 1389 pran-

658 1414 872 1484 dium
913 1431 1036 1484 aut
1084 1434 1380 1482 coenam
1426 1409 1709 1493 bibere,
1759 1408 2051 1504 vulgare
2095 1405 2431 1490 est;'hoc
2470 1427 2582 1496 pa·

665 1525 1108 1596 tresfarniliae
1157 1520 1397 1592 rustici
1448 1519 1765 1605 faciunt,
1818 1531 1893 1588 et
1941 1540 2147 1590 verae
2198 1513 2583 1608 voluptatis

661 1631 905 1730 ignari.
935 1620 1225 1702 Merum
1257 1629 1441 1700 illud
1486 1627 1789 1700 delectat
1819 1678 1844 1715 ‚
1892 1623 2099 1718 quod
2133 1647 2286 1696 non
2317 1625 2583 1696 innatat

667 1741 877 1828 cibo,
919 1739 1121 1834 quod
1149 1725 1371 1812 libere
1396 1749 1720 1831 penetrat
1744 1735 1835 1806 ad
1862 1759 2155 1819 nervos;
2207 1735 2327 1804 illa
2360 1734 2584 1804 ebrie-

668 1866 772 1921 tas
811 1853 1056 1936 iuvat,
1090 1875 1276 1942 quae
1317 1851 1391 1918 in
1432 1871 1739 1922 vacuum
1781 1847 1997 1917 venit.
2038 1847 2209 1916 Non
2249 1845 2584 1917 videntur

663 1959 807 2030 tibi
833 1978 1074 2030 contra
1103 1977 1427 2029 naturam
1455 1958 1695 2028 vivere
1714 2007 1737 2044 ‚
1783 1954 1911 2048 qui
1941 1969 2398 2034 commutant
2422 1977 2583 2026 cum

671 2065 956 2152 feminis
976 2066 1293 2136 vestem?
1325 2065 1495 2136 Non
1514 2066 1772 2136 vivunt
1795 2080 2037 2134 contra
2066 2080 2401 2154 naturam
2416 2113 2441 2149 ‚
2468 2060 2585 2154 qui

668 2189 1032 2266 spectant,
1083 2189 1166 2243 ut
1209 2175 1511 2264 pueritia
1546 2172 1913 2266 splendeat
1937 2190 2266 2266 tempore
2306 2169 2587 2242 alieno?

667 2280 881 2380 Quid
899 2279 1043 2353 fieri
1061 2281 1417 2359 crudelius
1432 2299 1556 2350 aut
1572 2280 1799 2352 miseri
1809 2297 2133 2372 uspotest
2149 2281 2287 2351 i’nu
2297 2301 2588 2372 mquam
2685 2356 2689 2361 ,

663 2391 784 2461 ,vir
811 2392 969 2476 erit,
998 2407 1082 2461 ut
1110 2392 1237 2461 diu
1266 2394 1501 2464 viru-m
1529 2377 1672 2484 pati
1700 2392 1968 2484 possit?
1994 2407 2103 2480 et,
2132 2416 2367 2486 quum
2390 2391 2589 2464 illum

659 2500 1156 2573 contumeliae
1203 2526 1411 2589 sexus
1438 2503 1779 2593 ‘eripuisse
1828 2502 2175 2575 debuerat
2198 2552 2221 2591 ‚
2254 2524 2367 2580 ne,
2416 2518 2592 2573 aetas

673 2607 976 2701 quidem
1004 2610 1295 2703 eripiet?
1330 2612 1501 2683 Non
1530 2613 1785 2683 vivunt
1806 2626 2053 2689 contra
2079 2630 2440 2697 natutam,
2470 2610 2591 2703 qui

669 2715 918 2799 hieme
965 2719 1491 2811 concupiscunt
1530 2722 1805 2791 rosam?
1854 2722 2339 2813 fomentoque
2380 2733 2599 2813 aqua-

671 2850 839 2909 „mm
855 2829 1290 2914 calentium,
1323 2847 1394 2899 et
1424 2832 1738 2908 caletum
1766 2846 1929 2922 apta
1963 2828 2394 2920 imitatione,
2427 2828 2598 2897 btu-

668 2960 792 3018 ma
821 2935 1047 3015 lilium
1066 2985 1093 3024 ‚
1120 2935 1370 3009 florem
1405 2960 1703 3010 vernum
1726 2987 1751 3023 ,
1778 2936 2247 3029 exprimunt?
2282 2938 2461 3021 Non
2495 2936 2599 3006 vi-

673 3061 859 3121 vunt
881 3063 1124 3121 contra
1145 3062 1491 3131 naturam,
1513 3045 1637 3135 qui
1661 3045 1975 3137 pomaria
1996 3046 2074 3115 in
2094 3045 2386 3117 summis
2404 3042 2599 3117 tutri-

674 3150 813 3225 bus
839 3153 1128 3233 serunt?
1164 3177 1475 3245 quorum
1514 3154 1733 3237 silvae
1762 3154 1834 3223 in
1865 3152 2065 3241 tectis
2093 3152 2487 3240 domorum
2522 3176 2601 3223 ac

671 3260 956 3357 fastigiis
975 3276 1274 3347 nutant,
1301 3263 1483 3332 inde.
1500 3266 1667 3336 ortis
1690 3262 2080 3351 radicibuS,
2108 3287 2261 3355 quo
2288 3262 2603 3356 inprobe

669 3368 1040 3443 cacumina
1073 3369 1420 3465 egissent?
1456 3369 1627 3445 Non
1666 3372 1923 3443 vivunt
1952 3388 2197 3447 contra
2226 3392 2559 3443 naturam
2580 3422 2603 3457 ,

669 3480 804 3573 qui
833 3477 1298 3551 fundamenta
1327 3480 1820 3552 thermarum
1802 3508 1876 3553 m
1908 3482 2082 3553 mari
2116 3480 2423 3567 iaciunt,
2465 3474 2631 3554 nec'

677 3589 976 3675 delicate
1003 3609 1240 3662 natare
1267 3591 1395 3682 ipsi
1422 3590 1554 3661 sibi
1582 3592 1952 3682 videntur,
1984 3593 2113 3663 nisi
2141 3592 2451 3679 calentia
2468 3612 2606 3663 sta-

675 3720 812 3789 gna
841 3696 1066 3785 fluctu
1105 3723 1196 3770 ac·
1220 3718 1639 3793 tempestate
1678 3688 2065 3799 feriantur?
2106 3704 2385 3809 Quum,
2408 3703 2605 3773 insti-

676 3820 974 3880 tuerunt
998 3812 1236 3885 omnia
1253 3826 1499 3893 contra
1518 3828 1809 3897 natutae
1831 3812 2438 3886 consuetudinem
2461 3813 2608 3885 vel-
