2759 4825
597 385 740 438 200
981 358 1060 430 L.
1105 351 1559 452 ΑΝΝΑΕῙ
1606 347 2153 429 SENECAE

591 519 1207 591 dissimulavimus,
1263 519 1541 591 Natura
1582 519 1789 590 iubet
1828 540 2087 623 augere
2128 515 2497 588 laudanda
2511 543 2533 605 3

587 653 814 703 nemo
839 653 992 701 non
1017 630 1314 726 gloriam
1349 631 1529 698 ultra
1559 652 1815 698 verum
1848 626 2061 697 tulit=
2099 647 2195 698 ex
2222 625 2327 696 his
2358 647 2533 724 ergo

586 737 896 831 speciem
931 737 1238 837 ingentis
1263 737 1443 810 boni
1478 737 1839 808 traximus.
1882 736 2239 808 Fabricius
2269 735 2537 831 Pyrrhi

585 844 766 944 regis
807 871 1064 920 aurum
1101 847 1407 942 repulit3
1463 847 1839 940 maiusque
1884 871 2109 945 regno
2145 847 2539 934 iudicavit,

585 955 804 1052 regias
829 981 1004 1050 opes
1030 981 1234 1051 posse
1265 974 1751 1030 contemnere.
1778 955 2005 1042 Idem,
2034 956 2323 1028 medico
2354 957 2537 1050 Pyr-

584 1067 696 1138 rhi
735 1069 1211 1160 promittente
1245 1092 1612 1140 venenum
1658 1091 1729 1138 se
1752 1067 1897 1165 regi
1938 1066 2319 1154 daturum,
2366 1090 2535 1138 mo·

585 1179 756 1250 nuit
785 1178 1147 1274 Pyrrhum'
1175 1229 1197 1266 ‚
1232 1196 1513 1252 caveret
1562 1177 1867 1250 insidia&
1919 1177 2258 1263 Eiusdem
2302 1175 2567 1248 animi·

585 1285 765 1375 fuit,
801 1314 974 1360 auro
1007 1311 1158 1360 non
1185 1288 1378 1360 vinci
1397 1338 1421 1374 ,
1450 1312 1737 1360 veneno
1758 1311 1911 1359 non
1938 1287 2244 1360 vincere.
2272 1283 2537 1356 Admi-

586 1394 716 1464 rati
739 1417 984 1464 sumus
1012 1393 1382 1492 ingentem
1410 1393 1675 1479 virum,
1712 1418 1935 1486 quem
1957 1399 2114 1466 nod
2134 1392 2341 1492 regiS,
2374 1417 2536 1466 non

587 1520 840 1574 contra
871 1528 1110 1600 regern
1155 1505 1497 1598 promissa
1544 1502 1949 1592 flexissent,
1998 1503 2180 1575 boni
2212 1505 2537 1597 exempli

585 1625 952 1696 tenacem3
998 1614 1204 1705 quod
1235 1613 1743 1686 difficillimum
1788 1630 1890 1684 est
1910 1663 1935 1700 ,
1982 1613 2060 1684 in
2088 1613 2285 1696 bello
2314 1615 2539 1684 inno-

587 1735 915 1806 centem3
943 1720 1072 1814 qui
1101 1720 1409 1814 aliquod
1441 1745 1585 1792 esse
1610 1707 1931 1794 cfederet
1963 1723 2181 1794 etiam
2198 1723 2277 1792 in
2293 1723 2541 1794 hostes

587 1828 818 1924 Restm
867 1833 996 1924 qui
1031 1833 1106 1904 in
1145 1857 1427 1904 summa
1466 1851 1927 1928 paupertate,
1968 1857 2194 1928 quam
2234 1834 2371 1906 sibi
2402 1835 2535 1906 de-

587 1963 714 2012 cus
741 1940 1000 2013 fecerat
1019 1995 1042 2032 ,
1081 1967 1234 2014 non
1258 1945 1461 2016 aliter
1502 1944 1761 2042 refugit
1790 1943 2115 2033 divitias,
2146 1969 2373 2039 quam
2408 1969 2535 2016 ve·-

588 2066 888 2122 nennm.
941 2052 1138 2130 Vive.
1201 2052 1487 2146 inquit,
1536 2055 1835 2149 beneficio
1883 2077 2066 2129 meo,
2122 2052 2423 2150 Pyrrhe:
2472 2067 2537 2126 et

580 2161 802 2254 gaude
820 2207 844 2236 .
866 2162 1036 2256 quod
1063 2163 1274 2233 adhuc
1300 2163 1595 2239 dolebas,
1634 2163 2005 2234 Fabricium
2034 2185 2167 2235 non*
2176 2189 2363 2262 posse
2388 2189 2539 2234 cor-

469 2353 472 2360 ,
587 2274 824 2368 rumpi.
875 2272 1216 2346 Horatius
1241 2273 1497 2346 Cocles
1539 2277 1729 2346 solus
1758 2274 2092 2370 implevit
2130 2279 2377 2370 pontis
2402 2301 2535 2348 an·

587 2379 879 2475 gustias3
933 2381 1309 2477 adimique
1333 2411 1372 2455 a
1400 2400 1601 2483 tergo
1628 2385 1762 2457 sibi
1786 2386 2105 2458 reditum
2128 2438 2153 2475 ,
2188 2387 2539 2461 dummo-

589 2491 688 2562 do
711 2492 848 2564 iter
871 2493 1056 2565 hosti
1079 2496 1511 2584 auferretur,
1552 2498 1783 2578 iussin
1826 2515 1899 2569 et
1926 2516 2073 2570 tam
2103 2498 2232 2571 diu
2271 2500 2536 2573 restitit

527 2666 536 2671 .
587 2604 1131 2697 prementibu5‚
1169 2605 1409 2676 donec
1458 2609 1735 2678 xevulsa
1781 2610 2056 2705 ingenti
2086 2610 2289 2681 ruina
2334 2612 2537 2709 tigna

587 2730 1010 2783 sonuerunt.
1057 2714 1459 2807 Postquam
1498 2717 1845 2809 respexit,
1900 2734 1973 2788 et
2014 2736 2213 2789 extra
2248 2720 2539 2811 pericu-
2606 2738 2610 2741 ’

584 2822 740 2891 lum
788 2846 930 2891 esse
971 2824 1276 2917 patriam
1317 2826 1643 2918 periculo
1676 2852 1809 2897 suo
1854 2828 2101 2899 sensit:
2162 2824 2437 2905 Veniat.
2474 2832 2540 2899 si

585 2933 728 3026 quis
755 2931 940 3005 vult.
972 2932 1212 3022 inquit
1231 2982 1257 3019 ‚
1300 2938 1399 3003 sic
1426 2951 1679 3003 euntem
1712 2937 1933 3032 sequi!
1974 2937 2325 3029 deditque
2346 2962 2423 3007 se
2454 2938 2537 3011 in

583 3062 954 3131 praeceps-‚3
979 3059 1052 3111 et
1079 3065 1229 3111 non
1263 3044 1509 3113 minus
1528 3044 1867 3117 sollicitus
1892 3048 1968 3117 in
1996 3048 2121 3119 illo
2150 3049 2405 3143 rapido
2428 3055 2538 3123 al·

585 3168 726 3215 veo
757 3145 1074 3216 fluminis
1096 3198 1119 3233 ‚
1149 3167 1230 3217 ut
1261 3172 1611 3238 armatuS,
1636 3178 1857 3245 quam
1885 3174 1967 3227 ut
1988 3160 2218 3229 salvus
2248 3161 2488 3232 exiret
2506 3212 2535 3249 ,

586 3272 872 3335 retento
907 3280 1276 3331 armorum
1329 3261 1731 3334 victricium
1788 3264 2082 3355 decore,
2132 3284 2279 3339 tam
2325 3287 2535 3361 tutus

583 3366 831 3455 rediit,
863 3390 1082 3459 quam
1115 3367 1168 3437 si
1204 3388 1434 3463 ponte
1461 3373 1779 3445 venisset.
1822 3376 2017 3447 Haec
2046 3396 2117 3447 et
2148 3378 2534 3451 huiusmo-

589 3473 660 3543 di
687 3474 864 3545 facta
895 3476 1279 3576 imaginem
1310 3481 1520 3575 nobis
1548 3484 1921 3557 ostendere
1952 3485 2279 3559 Virtutis.

685 3583 1040 3659 Adiiciam
1059 3639 1082 3675 ‚
1115 3590 1318 3696 quqd
1347 3592 1611 3663 mirum
1638 3593 1925 3673 fortasse
1955 3595 2321 3681 videatur:
2371 3624 2533 3671 ma·-

561 3692 652 3761 -la
677 3692 1048 3767 interdum
1079 3701 1387 3793 speciem
1418 3703 1697 3773 honesti
1736 3704 2201 3793 obtulerunt,
2228 3724 2307 3777 et
2329 3709 2533 3801 opti·

584 3824 796 3877 mum
819 3829 910 3879 ex
935 3812 1290 3885 contrario
1315 3815 1557 3887 nituit.
1584 3812 1771 3889 Sunt
1792 3820 2023 3910 enim,
2046 3834 2130 3891 ut
2155 3819 2285 3891 scis
2301 3869 2329 3909 ‚
2361 3820 2529 3894 Vir·
