2759 4825
1688 118 1727 167 l.

547 364 1797 465 EPISTOLAXCIV.·
2016 392 2111 481 55

257 523 554 607 ⁸Omnia
577 532 704 605 ista
727 534 1094 628 exempla,
1121 554 1308 627 quae
1329 534 1548 605 oculis
1572 549 1793 629 atque
1809 534 2101 611 auribus

167 642 432 713 nostris
481 641 948 739 ingeruntur,
989 644 1378 715 retexenda
1422 660 1627 733 sunt,
1680 660 1755 717 et
1800 648 2107 741 plenum

167 750 380 823 malis
398 750 850 826 sermonibus
867 747 1116 847 pectus
1138 750 1731 826 exhauriendum.
1753 754 2111 830 Inducen-

175 861 269 933 da
295 866 378 931 in
399 879 838 955 occupatum
865 864 1110 934 locum
1135 863 1387 949 virtus3
1414 888 1603 957 quae
1630 866 2003 939 mendacia
2028 882 2105 939 et

172 986 428 1041 contra
455 994 712 1043 verum
737 972 1084 1065 placentia
1109 972 1451 1067 exstirpet
1470 1026 1493 1060 ‚
1537 998 1722 1069 quae
1750 996 1882 1047 nos
1906 1000 1947 1046 a
1969 998 2107 1069 po-

174 1079 407 1171 pulo,
451 1080 574 1149 cui
617 1079 832 1151 nimis
880 1078 1232 1151 credimus
1251 1130 1276 1167 ,
1332 1099 1647 1180 separet,
1692 1106 1776 1155 ac
1821 1082 2109 1155 sinceris

179 1186 658 1279 opinionibus
696 1188 968 1263 reddat.
1033 1190 1198 1263 Hoc
1227 1207 1330 1263 est
1367 1190 1564 1263 enim
1604 1189 1999 1287 Sapientia,
2032 1191 2113 1265 in

181 1315 515 1369 naturam
554 1299 925 1387 converti,
950 1316 1024 1371 et
1059 1325 1148 1371 eo
1179 1301 1501 1405 restitui,
1535 1303 1739 1377 unde
1776 1302 2117 1399 publicus

192 1434 388 1482 error
409 1412 786 1506 expulerit.
831 1409 1088 1511 Magna
1109 1436 1266 1507 pars
1291 1406 1595 1485 sa'nitatis
1625 1430 1765 1503 est,
1789 1414 2113 1485 hortato-

189 1542 302 1590 res
339 1519 643 1591 insaniae
689 1522 1082 1615 reliquisse,
1125 1544 1198 1595 et
1232 1546 1322 1595 ex
1363 1524 1501 1595 isto
1536 1541 1751 1597 coetu
1796 1523 2115 1595 invicem

187 1629 414 1705 noxio
433 1632 690 1723 procul
713 1629 978 1713 abiisse.
1014 1632 1178 1703 Hoc
1207 1648 1288 1701 ut
1315 1656 1459 1703 esse
1476 1656 1729 1707 vetum
1750 1632 1951 1720 scias,
1978 1630 2115 1705 ad·-

185 1738 418 1831 spice,
465 1752 744 1830 quanto
779 1738 980 1809 aliter
1016 1738 1521 1832 unusquisque
1552 1743 1836 1837 populo
1866 1740 2063 1811 vivat
2084 1789 2113 1829 ,

188 1849 398 1917 aliter
421 1846 571 1919 sibi.
603 1847 680 1919 N
683 1871 783 1919 on
809 1864 912 1919 est
929 1872 1060 1941 per
1081 1874 1153 1919 se
1172 1850 1496 1947 magistra
1518 1849 1973 1921 imrmcentiae
1998 1871 2115 1919 so-

189 1958 470 2046 litudo,
495 1982 626 2029 nec
651 1959 1126 2057 frugalitatem
1151 1960 1417 2031 docent
1440 1983 1643 2047 rura3
1668 1958 1830 2047 sed,
1860 1959 1991 2041 ubi
2011 1977 2117 2031 te-

187 2067 310 2137 stis
349 2090 433 2139 ac
450 2084 820 2161 spectator
857 2068 1218 2157 abscessit,
1259 2068 1431 2141 vitia
1467 2068 1887 2155 subsidunt,
1924 2092 2119 2163 quo-

191 2202 354 2259 rum
390 2179 770 2250 monstrari
798 2193 870 2248 et
893 2178 1204 2271 conspici
1241 2178 1513 2277 fructus
1539 2194 1659 2249 est.
1700 2178 1885 2283 Quis
1912 2203 2069 2249 eam
2086 2228 2117 2265 ‚

195 2310 415 2379 quam
459 2285 644 2355 nulli
686 2284 1131 2377 ostenderet,
1181 2283 1422 2357 induit
1465 2286 1913 2378 purpuram?
1952 2286 2123 2379 quis

200 2396 434 2500 posuit
485 2411 824 2468 secretam
871 2394 949 2466 in
991 2421 1168 2468 auro
1209 2394 1526 2491 dapem?
1558 2394 1763 2488 quis,
1809 2393 1943 2468 sub
1986 2396 2119 2468 ali-

200 2508 394 2580 cuius
433 2503 702 2576 arboris
733 2505 1028 2576 rusticae
1061 2503 1421 2599 proiectus
1448 2503 1743 2592 umbra,
1791 2504 2121 2586 luxuriae

194 2643 354 2690 suae
384 2621 738 2711 pompam
773 2617 960 2686 solus
995 2615 1396 2710 explicuit?
1439 2613 1679 2688 Nemo
1722 2613 1945 2686 oculis
1978 2615 2139 2688 suis-

197 2731 430 2800 lautus
458 2742 562 2796 est
581 2776 605 2813 ,
640 2749 734 2796 ne
760 2749 1155 2818 paucorum
1184 2717 1487 2819 quidem
1512 2741 1587 2798 et
1620 2725 2120 2812 familiari-um3

199 2837 322 2910 sed
355 2835 781 2930 adparatum
819 2833 1162 2907 vitiorum
1205 2859 1509 2906 suorum
1541 2857 1677 2926 pro
1711 2833 1939 2904 modo
1976 2855 2124 2937 tur-0
2232 2884 2239 2896 .

203 2949 336 3019 bae
365 2943 746 3044 spectantis
767 2945 1135 3042 expandit.
1151 2940 1271 3034 'Ita
1299 2961 1435 3016 est:
1460 2943 1999 3020 inritamentum
2020 2960 2125 3016 est

203 3058 538 3128 omnium
587 3055 662 3126 in
704 3079 890 3149 quae
930 3054 1360 3142 insanimus,
1407 3053 1797 3128 admirator
1838 3072 1911 3124 et
1942 3078 2126 3125 con·

211 3171 394 3240 scius.
437 3169 556 3240 Ne
587 3149 1172 3263 concupiscamus
1207 3168 1503 3257 efficies,
1537 3168 1632 3256 si,
1675 3191 1771 3240 ne
1798 3165 2126 3243 ostenda-

214 3303 372 3350 mus
392 3328 417 3366 ,
445 3277 772 3374 effeceris.
817 3276 1144 3348 Ambitio
1165 3325 1190 3364 ,
1227 3296 1300 3348 et
1326 3277 1607 3363 luxuria
1626 3327 1649 3364 ,
1694 3290 1768 3348 et
1792 3277 2123 3370 inpoten-

205 3390 306 3458 tia
330 3438 355 3474 ,
402 3411 680 3458 scenam
727 3384 1166 3472 desiderant3
1213 3385 1483 3458 sanabis
1522 3386 1691 3472 ista,
1734 3387 1791 3456 si
1826 3385 2126 3458 abscon-

208 3496 406 3568 deris.
465 3495 722 3587 Itaque
746 3545 770 3582 ,
803 3495 862 3564 si
898 3494 972 3565 in
1015 3493 1263 3566 medio
1305 3493 1595 3564 urbium
1626 3491 1917 3565 fremitu
1954 3515 2127 3562 cen-

207 3604 417 3676 locati
461 3627 762 3691 sumuS,
812 3619 950 3674 stet
999 3601 1094 3672 ad
1139 3603 1319 3679 latus
1363 3600 1723 3696 monitor,
1770 3617 1841 3669 et
1880 3615 2127 3672 contra

207 3712 609 3784 laudatores
645 3712 1046 3809 ingentium
1077 3709 1671 3805 patrimoniorum
1695 3707 1943 3780 laudet
1970 3725 2127 3802 p'ar-

205 3849 303 3898 vo
343 3824 653 3938 diyitem
669 3873 694 3916 ,
726 3842 802 3897 et
826 3849 960 3898 usu
990 3822 1629 3920 opes-metientem.
1658 3819 1923 3894 Contra
1942 3822 2129 3912 illos,
