2759 4825
595 365 1729 477 'EPISTOLAcm
2006 405 2137 496 115

227 553 381 612 tam
401 541 695 623 reverti3
731 539 936 636 quod
961 544 1198 641 magni
1226 543 1354 615 viri
1379 568 1590 641 saepe
1610 545 1953 622 fecerunt
1994 549 2138 624 Sed

231 649 368 720 hoc
405 671 710 740 quoque
752 673 1070 719 summae
1111 649 1565 720 humanitatis
1612 645 1985 744 existimo,
2030 684 2139 732 se·

226 771 597 862 nectutem
623 779 860 844 suam,
901 757 1101 828 cuius
1128 755 1479 828 maximus
1513 756 1781 862 fructus
1822 780 1923 834 est
1944 789 2145 840 secu-

224 865 367 936 rior
401 849 510 936 sui
546 867 811 952 tutela,
865 880 940 936 et
965 864 1149 936 vitae
1201 891 1362 936 usus
1405 857 1849 956 animosior,
1882 873 2139 950 adten-

221 979 363 1057 tius
389 999 803 1070 conservare
820 1025 842 1064 ,
884 977 938 1047 si
965 979 1128 1048 scias
1149 979 1358 1050 alicui
1385 997 1679 1052 tuorum
1708 1005 1849 1054 esse
1888 985 2137 1080 dulce,

225 1089 442 1175 utile,
481 1085 818 1179 optabile
848 1087 1080 1157 Habet
1103 1108 1459 1181 praeterea
1486 1088 1559 1158 in
1582 1113 1653 1160 se
1682 1115 1831 1161 non
1858 1096 2139 1168 medio-

229 1223 340 1270 cre
366 1199 489 1268 ista
515 1223 626 1268 res
645 1197 996 1295 gaudium
1025 1213 1098 1268 et
1121 1197 1561 1273 mercedem·
1596 1201 1777 1292 quid
1805 1205 1997 1276 enim
2020 1207 2135 1278 iu-

227 1308 569 1396 nundina,
593 1333 818 1402 quam
848 1309 1052 1380 uxori
1076 1328 1220 1382 tam
1247 1333 1489 1382 carum
1518 1333 1696 1397 esse,
1732 1329 1817 1382 ut
1842 1331 2133 1409 propter

228 1419 400 1488 hoc
421 1418 548 1490 tibi
590 1418 812 1492 carior
854 1417 1020 1488 fias?
1064 1421 1308 1490 Potest
1351 1421 1611 1514 itaque
1642 1423 1931 1494 Paulina
1976 1450 2137 1500 mea

231 1551 386 1598 non
423 1542 702 1600 tantum
744 1551 956 1600 suurn
983 1528 1176 1602 mihi
1222 1530 1557 1602 timorem
1603 1533 1975 1625 inputare,
2010 1525 2136 1608 sed

230 1637 438 1708 etiam
468 1660 743 1708 meum.
977 1699 984 1708 .

323 1746 626 1852 Quaeris
665 1769 830 1845 ergo
849 1797 874 1834 ,
921 1735 1304 1839 quomodo
1341 1745 1517 1820 mihi
1556 1739 1933 1822 consilium
1967 1770 2139 1843 pro·
2237 1819 2247 1829 ,

223 1858 548 1935 fectionis
578 1857 903 1930 cesserit?
936 1897 1008 1909 -
1069 1857 1170 1929 Ut
1203 1861 1519 1951 primum
1558 1861 1967 1956 gravitatem
2006 1860 2141 1934 Ur-

226 1968 334 2038 bis
378 1968 678 2054 excessi,
725 1984 797 2038 et
836 1968 1042 2038 illum
1084 1965 1383 2064 odorem
1422 1966 1815 2068 culinarum
1854 1966 2141 2042 suman„-

224 2075 446 2167 tium,
473 2100 660 2169 quae
683 2093 919 2148 motae
942 2125 966 2162 ,
989 2075 1350 2168 quidquid
1373 2075 1679 2168 pestiferi
1702 2081 1977 2169 vaporis
2004 2079 2137 2150 ob·

223 2201 507 2257 ruerant
528 2235 552 2271 ,
591 2207 764 2254 cum
797 2186 1091 2277 pulvere
1125 2185 1564 2270 effundunt,
1608 2185 1939 2278 protinus
1974 2212 2141 2258 mu«-

224 2313 442 2366 tatam
469 2294 946 2366 valitudinem
979 2293 1174 2364 sensi.
1227 2295 1602 2415 Quantum
1633 2294 1919 2366 deinde
1937 2298 2139 2370 adio-

229 2418 426 2475 ctum
460 2420 670 2496 putas
701 2402 966 2475 viribus
989 2454 1010 2490 ,
1053 2420 1437 2495 postquam
1470 2402 1701 2473 vineas
1734 2383 2001 2509 adtigii’
2050 2407 2139 2479 In

226 2537 572 2607 pascuum
598 2512 932 2601 emissus,
973 2512 1218 2583 cibum
1255 2536 1501 2583 meum
1531 2512 1772 2583 invasi.
1804 2496 2137 2607 Repetivi
2239 2550 2246 2563 ·

223 2646 394 2721 ergo
423 2622 566 2693 iam
599 2648 756 2695 me·
802 2645 954 2692 non
995 2624 1376 2715 permansit
1408 2644 1679 2719 marcor
1723 2624 1843 2694 ille
1873 2643 2139 2719 eorpo-

224 2731 312 2804 ris
351 2729 564 2801 dubii
605 2748 679 2801 et
709 2731 893 2801 male
921 2729 1336 2825 cogitantis3
1379 2730 1649 2823 incipio
1696 2749 1853 2803 toto
1890 2734 2137 2804 animo

223 2838 530 2914 studere.
560 2838 736 2910 Non
777 2840 1090 2911 multum
1125 2839 1217 2909 ad
1251 2838 1387 2910 hoc
1412 2841 1611 2910 locus
1638 2838 1955 2937 confert,
2004 2840 2140 2911 nisi

225 2972 302 3019 se
325 2937 458 3017 sibi
485 2963 778 3041 praestet
805 2948 1080 3017 animus
1100 2999 1124 3035 ,
1158 2947 1286 3039 qui
1313 2964 1699 3032 secretum,
1726 2962 1798 3016 et
1820 2947 1897 3019 in
1922 2970 2142 3019 occu-

226 3056 638 3151 parionibus
665 3056 954 3145 mediis,
983 3056 1038 3125 si
1064 3058 1304 3143 volet,
1303 3042 1655 3143 habebit.
1694 3038 1829 3125 At
1816 3056 1935 3127 ille
1957 3106 1981 3143 ,
2006 3056 2139 3155 qui

227 3168 548 3263 regiones
588 3167 820 3265 eligit,
847 3183 919 3237 et
945 3166 1176 3239 otium
1207 3181 1479 3259 captat,
1507 3164 1819 3257 ubique,
1844 3188 2025 3257 quo
2023 3164 2137 3268 di-

225 3278 616 3371 stringatur
622 3326 646 3363 ,
675 3277 1010 3347 inveniet.
1038 3276 1225 3345 Nam
1251 3273 1613 3345 Socratem
1634 3274 1961 3366 querenti
1984 3263 2140 3345 cui-

225 3385 396 3455 dam
415 3436 442 3473 ,
475 3386 674 3479 quod
699 3386 877 3457 nihil
899 3385 1040 3455 sibi
1068 3378 1658 3481 peregrinationes
1682 3371 2137 3477 profuissent,

224 3498 672 3591 :respondisse
706 3498 991 3569 ferunt:
1050 3496 1196 3565 Non
1242 3500 1533 3567 inmerito
1578 3494 1692 3562 Ιιοσ
1732 3492 1848 3563 cibi
1887 3487 2139 3564 evenit!

226 3625 434 3677 tecum
455 3608 624 3677 enim
641 3595 1180 3705 peregrinabaris.
1219 3604 1291 3675 O
1319 3626 1539 3697 quam
1568 3602 1753 3672 bene
1777 3623 1947 3671 cum
1978 3599 2141 3693 qui-

226 3716 532 3800 busdam
573 3734 930 3813 ageretur,
965 3714 1017 3787 si
1047 3740 1092 3813 a
1113 3739 1184 3783 se
1218 3712 1654 3807 aberrarent!
1704 3710 1914 3779 Nunc
1936 3760 1956 3798 ,
1992 3709 2141 3803 pti-

223 3851 430 3923 mum
457 3826 742 3923 seipsos
763 3819 1134 3903 sollicitant
1155 3873 1180 3920 ,
1205 3834 1711 3918 corrumpunt,
1743 3818 2087 3905 territant.
