<?xml version="1.0" encoding="UTF-8"?>
<!DOCTYPE html PUBLIC "-//W3C//DTD XHTML 1.0 Transitional//EN"
    "http://www.w3.org/TR/xhtml1/DTD/xhtml1-transitional.dtd">
<html xmlns="http://www.w3.org/1999/xhtml" xml:lang="en" lang="en">
 <head>
  <title>
</title>
<meta http-equiv="Content-Type" content="text/html;charset=utf-8" />
  <meta name='ocr-system' content='tesseract 3.04.00' />
  <meta name='ocr-capabilities' content='ocr_page ocr_carea ocr_par ocr_line ocrx_word'/>
</head>
<body>
  <div class='ocr_page' id='page_1' title='image "./lannaeisenecaea00bipogoog_0276.png"; bbox 0 0 2759 4825; ppageno 0'>
   <div class='ocr_carea' id='block_1_1' title="bbox 630 378 2095 457">
    <p class='ocr_par' dir='ltr' id='par_1_1' title="bbox 630 378 2095 457">
     <span class='ocr_line' id='line_1_1' title="bbox 630 378 2095 457; baseline -0.007 0"><span class='ocrx_word' id='word_1_1' title='bbox 630 386 753 457; x_wconf 72' lang='lat'>268</span> <span class='ocrx_word' id='word_1_2' title='bbox 1085 382 1436 453; x_wconf 75' lang='lat' dir='ltr'><strong>NOTAE</strong></span> <span class='ocrx_word' id='word_1_3' title='bbox 1482 380 1584 449; x_wconf 77' lang='lat' dir='ltr'>lu</span> <span class='ocrx_word' id='word_1_4' title='bbox 1629 378 2095 450; x_wconf 70' lang='lat' dir='ltr'>SENECAE</span> 
     </span>
    </p>
   </div>
   <div class='ocr_carea' id='block_1_2' title="bbox 634 528 2589 3542">
    <p class='ocr_par' dir='ltr' id='par_1_2' title="bbox 634 528 2589 925">
     <span class='ocr_line' id='line_1_2' title="bbox 638 528 2563 611; baseline -0.004 -9"><span class='ocrx_word' id='word_1_5' title='bbox 638 534 1029 603; x_wconf 74' lang='lat' dir='ltr'>sentientibus</span> <span class='ocrx_word' id='word_1_6' title='bbox 1058 534 1279 599; x_wconf 83' lang='lat' dir='ltr'>nostris</span> <span class='ocrx_word' id='word_1_7' title='bbox 1324 534 1522 599; x_wconf 80' lang='lat' dir='ltr'>msstis</span> <span class='ocrx_word' id='word_1_8' title='bbox 1556 532 1870 611; x_wconf 78' lang='lat' dir='ltr'>omnibus,</span> <span class='ocrx_word' id='word_1_9' title='bbox 1897 546 1960 597; x_wconf 86' lang='lat' dir='ltr'>et</span> <span class='ocrx_word' id='word_1_10' title='bbox 1997 528 2140 595; x_wconf 75' lang='lat' dir='ltr'>nihil</span> <span class='ocrx_word' id='word_1_11' title='bbox 2173 544 2394 594; x_wconf 83' lang='lat' dir='ltr'>contra.</span> <span class='ocrx_word' id='word_1_12' title='bbox 2421 536 2563 595; x_wconf 75' lang='lat' dir='ltr'>nto-</span> 
     </span>
     <span class='ocr_line' id='line_1_3' title="bbox 634 611 2570 697; baseline -0.002 -16"><span class='ocrx_word' id='word_1_13' title='bbox 634 635 819 681; x_wconf 87' lang='lat' dir='ltr'>nente</span> <span class='ocrx_word' id='word_1_14' title='bbox 853 618 957 681; x_wconf 86' lang='lat' dir='ltr'>vel</span> <span class='ocrx_word' id='word_1_15' title='bbox 994 616 1279 681; x_wconf 80' lang='lat' dir='ltr'>Pinciano</span> <span class='ocrx_word' id='word_1_16' title='bbox 1313 616 1414 680; x_wconf 83' lang='lat' dir='ltr'>vel</span> <span class='ocrx_word' id='word_1_17' title='bbox 1455 614 1814 697; x_wconf 79' lang='lat' dir='ltr'>Opsopoeo.</span> <span class='ocrx_word' id='word_1_18' title='bbox 1862 635 2122 696; x_wconf 77' lang='lat' dir='ltr'>excoquas</span> <span class='ocrx_word' id='word_1_19' title='bbox 2149 632 2186 674; x_wconf 94' lang='lat' dir='ltr'>a</span> <span class='ocrx_word' id='word_1_20' title='bbox 2211 611 2488 677; x_wconf 83' lang='lat' dir='ltr'>Grutero</span> <span class='ocrx_word' id='word_1_21' title='bbox 2525 631 2570 677; x_wconf 83' lang='lat' dir='ltr'>e</span> 
     </span>
     <span class='ocr_line' id='line_1_4' title="bbox 635 694 2567 779; baseline -0.004 -16"><span class='ocrx_word' id='word_1_22' title='bbox 635 700 757 763; x_wconf 78' lang='lat' dir='ltr'>suis</span> <span class='ocrx_word' id='word_1_23' title='bbox 789 700 1091 763; x_wconf 78' lang='lat' dir='ltr'>codicibus</span> <span class='ocrx_word' id='word_1_24' title='bbox 1130 698 1428 761; x_wconf 86' lang='lat' dir='ltr'>laudatum</span> <span class='ocrx_word' id='word_1_25' title='bbox 1456 696 1734 779; x_wconf 85' lang='lat' dir='ltr'>probavit</span> <span class='ocrx_word' id='word_1_26' title='bbox 1771 696 2134 777; x_wconf 78' lang='lat' dir='ltr'>arripuitque</span> <span class='ocrx_word' id='word_1_27' title='bbox 2177 694 2378 757; x_wconf 81' lang='lat' dir='ltr'>Ruhk.</span> <span class='ocrx_word' id='word_1_28' title='bbox 2420 694 2567 757; x_wconf 87' lang='lat' dir='ltr'>Ha-</span> 
     </span>
     <span class='ocr_line' id='line_1_5' title="bbox 634 775 2560 860; baseline -0.001 -17"><span class='ocrx_word' id='word_1_29' title='bbox 634 780 743 843; x_wconf 87' lang='lat' dir='ltr'>bet</span> <span class='ocrx_word' id='word_1_30' title='bbox 762 798 957 843; x_wconf 85' lang='lat' dir='ltr'>autem</span> <span class='ocrx_word' id='word_1_31' title='bbox 986 781 1103 845; x_wconf 83' lang='lat' dir='ltr'>hoc</span> <span class='ocrx_word' id='word_1_32' title='bbox 1120 780 1295 845; x_wconf 84' lang='lat' dir='ltr'>etiam</span> <span class='ocrx_word' id='word_1_33' title='bbox 1320 779 1516 843; x_wconf 62' lang='lat' dir='ltr'>edA.</span> <span class='ocrx_word' id='word_1_34' title='bbox 1589 778 1722 841; x_wconf 74' lang='lat' dir='ltr'><em>lbid.</em></span> <span class='ocrx_word' id='word_1_35' title='bbox 1759 780 1886 840; x_wconf 82' lang='lat' dir='ltr'>Hoc</span> <span class='ocrx_word' id='word_1_36' title='bbox 1907 778 2036 860; x_wconf 80' lang='lat' dir='ltr'>ipse.</span> <span class='ocrx_word' id='word_1_37' title='bbox 2068 777 2194 840; x_wconf 81' lang='lat' dir='ltr'>Hoc</span> <span class='ocrx_word' id='word_1_38' title='bbox 2225 775 2401 859; x_wconf 75' lang='lat' dir='ltr'>ipsum</span> <span class='ocrx_word' id='word_1_39' title='bbox 2435 794 2560 841; x_wconf 81' lang='lat' dir='ltr'>ms..</span> 
     </span>
     <span class='ocr_line' id='line_1_6' title="bbox 636 862 2589 925; baseline 0.001 -2"><span class='ocrx_word' id='word_1_40' title='bbox 636 884 691 925; x_wconf 81' lang='lat' dir='ltr'>c.</span> <span class='ocrx_word' id='word_1_41' title='bbox 723 880 783 925; x_wconf 85' lang='lat' dir='ltr'>et</span> <span class='ocrx_word' id='word_1_42' title='bbox 814 862 903 924; x_wconf 87' lang='lat' dir='ltr'>ed.</span> <span class='ocrx_word' id='word_1_43' title='bbox 930 864 1015 925; x_wconf 76' lang='lat' dir='ltr'>A.</span> <span class='ocrx_word' id='word_1_44' title='bbox 2580 869 2589 878; x_wconf 95' lang='grc'><em>“</em></span> 
     </span>
    </p>

    <p class='ocr_par' dir='ltr' id='par_1_3' title="bbox 635 932 2570 1511">
     <span class='ocr_line' id='line_1_7' title="bbox 720 932 2570 1025; baseline -0.004 -22"><span class='ocrx_word' id='word_1_45' title='bbox 720 944 894 1007; x_wconf 67' lang='lat' dir='ltr'>Pac.</span> <span class='ocrx_word' id='word_1_46' title='bbox 914 944 1037 1007; x_wconf 86' lang='lat'><strong><em>6.1.</em></strong></span> <span class='ocrx_word' id='word_1_47' title='bbox 1073 962 1125 1003; x_wconf 87' lang='lat' dir='ltr'>r.</span> <span class='ocrx_word' id='word_1_48' title='bbox 1159 940 1259 1025; x_wconf 76' lang='lat' dir='ltr'>tegi</span> <span class='ocrx_word' id='word_1_49' title='bbox 1286 940 1494 1005; x_wconf 83' lang='lat' dir='ltr'>dedere</span> <span class='ocrx_word' id='word_1_50' title='bbox 1520 940 1708 1004; x_wconf 79' lang='lat' dir='ltr'><strong>nostri</strong></span> <span class='ocrx_word' id='word_1_51' title='bbox 1727 964 1783 1003; x_wconf 81' lang='lat' dir='ltr'>a.</span> <span class='ocrx_word' id='word_1_52' title='bbox 1811 932 1951 1003; x_wconf 66' lang='lat' dir='ltr'>erb&#39;.</span> <span class='ocrx_word' id='word_1_53' title='bbox 1979 957 2120 1003; x_wconf 86' lang='lat' dir='ltr'>cum</span> <span class='ocrx_word' id='word_1_54' title='bbox 2145 939 2332 1021; x_wconf 64' lang='lat' dir='ltr'>21³2an</span> <span class='ocrx_word' id='word_1_55' title='bbox 2350 952 2414 1001; x_wconf 88' lang='lat' dir='ltr'>et</span> <span class='ocrx_word' id='word_1_56' title='bbox 2439 937 2570 997; x_wconf 76' lang='lat' dir='ltr'>Pa·-</span> 
     </span>
     <span class='ocr_line' id='line_1_8' title="bbox 635 1016 2566 1106; baseline -0.002 -21"><span class='ocrx_word' id='word_1_57' title='bbox 635 1021 727 1085; x_wconf 74' lang='lat' dir='ltr'>n‘s.</span> <span class='ocrx_word' id='word_1_58' title='bbox 749 1025 801 1086; x_wconf 80' lang='lat' dir='ltr'>b.</span> <span class='ocrx_word' id='word_1_59' title='bbox 830 1027 885 1085; x_wconf 82' lang='lat' dir='ltr'>d.</span> <span class='ocrx_word' id='word_1_60' title='bbox 924 1023 1173 1104; x_wconf 84' lang='lat' dir='ltr'>aliisque</span> <span class='ocrx_word' id='word_1_61' title='bbox 1202 1024 1482 1085; x_wconf 86' lang='lat' dir='ltr'>omnibus</span> <span class='ocrx_word' id='word_1_62' title='bbox 1515 1022 1829 1106; x_wconf 83' lang='lat' dir='ltr'>Opsopoei</span> <span class='ocrx_word' id='word_1_63' title='bbox 1861 1021 2032 1084; x_wconf 78' lang='lat' dir='ltr'>codd.</span> <span class='ocrx_word' id='word_1_64' title='bbox 2061 1036 2125 1083; x_wconf 87' lang='lat' dir='ltr'>et</span> <span class='ocrx_word' id='word_1_65' title='bbox 2159 1020 2354 1083; x_wconf 83' lang='lat' dir='ltr'>tribus</span> <span class='ocrx_word' id='word_1_66' title='bbox 2381 1016 2566 1081; x_wconf 84' lang='lat' dir='ltr'>Gru·</span> 
     </span>
     <span class='ocr_line' id='line_1_9' title="bbox 636 1093 2566 1199; baseline -0.005 -29"><span class='ocrx_word' id='word_1_67' title='bbox 636 1104 789 1180; x_wconf 80' lang='lat' dir='ltr'>teri,</span> <span class='ocrx_word' id='word_1_68' title='bbox 824 1123 890 1167; x_wconf 92' lang='lat' dir='ltr'>ut</span> <span class='ocrx_word' id='word_1_69' title='bbox 925 1106 1103 1169; x_wconf 86' lang='lat' dir='ltr'>docet</span> <span class='ocrx_word' id='word_1_70' title='bbox 1126 1102 1307 1168; x_wconf 75' lang='lat' dir='ltr'>Grut-</span> <span class='ocrx_word' id='word_1_71' title='bbox 1339 1104 1404 1167; x_wconf 90' lang='lat' dir='ltr'>in</span> <span class='ocrx_word' id='word_1_72' title='bbox 1440 1093 1712 1187; x_wconf 63' lang='lat' dir='ltr'>Apbend.</span> <span class='ocrx_word' id='word_1_73' title='bbox 1756 1102 1966 1199; x_wconf 68' lang='lat' dir='ltr'>Vulgo</span> <span class='ocrx_word' id='word_1_74' title='bbox 1990 1105 2138 1185; x_wconf 77' lang='lat' dir='ltr'>lego,</span> <span class='ocrx_word' id='word_1_75' title='bbox 2177 1101 2345 1182; x_wconf 88' lang='lat' dir='ltr'>quod</span> <span class='ocrx_word' id='word_1_76' title='bbox 2375 1100 2566 1161; x_wconf 85' lang='lat' dir='ltr'>habet</span> 
     </span>
     <span class='ocr_line' id='line_1_10' title="bbox 638 1181 2568 1265; baseline -0.003 -18"><span class='ocrx_word' id='word_1_77' title='bbox 638 1188 818 1247; x_wconf 84' lang='lat' dir='ltr'>etiam</span> <span class='ocrx_word' id='word_1_78' title='bbox 838 1185 931 1247; x_wconf 88' lang='lat' dir='ltr'>ed.</span> <span class='ocrx_word' id='word_1_79' title='bbox 952 1188 1033 1247; x_wconf 75' lang='lat' dir='ltr'>A.</span> <span class='ocrx_word' id='word_1_80' title='bbox 1060 1204 1199 1248; x_wconf 80' lang='lat' dir='ltr'>cum</span> <span class='ocrx_word' id='word_1_81' title='bbox 1232 1200 1443 1248; x_wconf 89' lang='lat' dir='ltr'>nostro</span> <span class='ocrx_word' id='word_1_82' title='bbox 1465 1203 1574 1247; x_wconf 81' lang='lat' dir='ltr'>ms.</span> <span class='ocrx_word' id='word_1_83' title='bbox 1593 1205 1647 1247; x_wconf 82' lang='lat' dir='ltr'>c.</span> <span class='ocrx_word' id='word_1_84' title='bbox 1729 1184 1773 1247; x_wconf 84' lang='lat'>1.</span> <span class='ocrx_word' id='word_1_85' title='bbox 1800 1204 1852 1265; x_wconf 88' lang='grc' dir='ltr'>ς.</span> <span class='ocrx_word' id='word_1_86' title='bbox 1873 1186 2066 1265; x_wconf 76' lang='lat' dir='ltr'>mquit.</span> <span class='ocrx_word' id='word_1_87' title='bbox 2092 1181 2460 1261; x_wconf 77' lang='lat' dir='ltr'>Constanter</span> <span class='ocrx_word' id='word_1_88' title='bbox 2479 1181 2568 1241; x_wconf 75' lang='lat' dir='ltr'>in-</span> 
     </span>
     <span class='ocr_line' id='line_1_11' title="bbox 638 1262 2570 1349; baseline -0.002 -22"><span class='ocrx_word' id='word_1_89' title='bbox 638 1266 769 1348; x_wconf 72' lang='lat' dir='ltr'>quid</span> <span class='ocrx_word' id='word_1_90' title='bbox 787 1266 1065 1329; x_wconf 70' lang='lat' dir='ltr'>scribitur</span> <span class='ocrx_word' id='word_1_91' title='bbox 1082 1266 1147 1327; x_wconf 85' lang='lat' dir='ltr'>in</span> <span class='ocrx_word' id='word_1_92' title='bbox 1172 1266 1309 1349; x_wconf 76' lang='lat' dir='ltr'>Arg.</span> <span class='ocrx_word' id='word_1_93' title='bbox 1328 1267 1384 1329; x_wconf 75' lang='lat' dir='ltr'>b.</span> <span class='ocrx_word' id='word_1_94' title='bbox 1413 1266 1579 1347; x_wconf 89' lang='lat' dir='ltr'>quod</span> <span class='ocrx_word' id='word_1_95' title='bbox 1599 1264 1780 1329; x_wconf 76' lang='lat' dir='ltr'>semel</span> <span class='ocrx_word' id='word_1_96' title='bbox 1806 1264 2124 1327; x_wconf 78' lang='lat' dir='ltr'>adnotasse</span> <span class='ocrx_word' id='word_1_97' title='bbox 2149 1262 2422 1327; x_wconf 74' lang='lat' dir='ltr'>sufficiat.</span> <span class='ocrx_word' id='word_1_98' title='bbox 2451 1263 2570 1323; x_wconf 74' lang='lat' dir='ltr'>vi-</span> 
     </span>
     <span class='ocr_line' id='line_1_12' title="bbox 638 1340 2570 1429; baseline -0.003 -19"><span class='ocrx_word' id='word_1_99' title='bbox 638 1364 714 1411; x_wconf 78' lang='lat' dir='ltr'>ce</span> <span class='ocrx_word' id='word_1_100' title='bbox 743 1365 943 1420; x_wconf 86' lang='lat' dir='ltr'>versa,</span> <span class='ocrx_word' id='word_1_101' title='bbox 982 1347 1043 1409; x_wconf 91' lang='lat' dir='ltr'>in</span> <span class='ocrx_word' id='word_1_102' title='bbox 1070 1364 1227 1409; x_wconf 84' lang='lat' dir='ltr'>voce</span> <span class='ocrx_word' id='word_1_103' title='bbox 1256 1348 1407 1429; x_wconf 76' lang='lat' dir='ltr'>apud</span> <span class='ocrx_word' id='word_1_104' title='bbox 1431 1346 1674 1411; x_wconf 85' lang='lat' dir='ltr'>eaedem</span> <span class='ocrx_word' id='word_1_105' title='bbox 1704 1347 1956 1411; x_wconf 82' lang='lat' dir='ltr'>membr.</span> <span class='ocrx_word' id='word_1_106' title='bbox 1995 1360 2338 1417; x_wconf 78' lang='lat' dir='ltr'>constanter</span> <span class='ocrx_word' id='word_1_107' title='bbox 2375 1362 2402 1405; x_wconf 88' lang='lat' dir='ltr'>t</span> <span class='ocrx_word' id='word_1_108' title='bbox 2427 1340 2570 1405; x_wconf 85' lang='lat' dir='ltr'>lite·</span> 
     </span>
     <span class='ocr_line' id='line_1_13' title="bbox 640 1429 1804 1511; baseline 0 -20"><span class='ocrx_word' id='word_1_109' title='bbox 640 1445 767 1491; x_wconf 79' lang='lat' dir='ltr'>ram</span> <span class='ocrx_word' id='word_1_110' title='bbox 802 1448 915 1508; x_wconf 84' lang='lat' dir='ltr'>pro</span> <span class='ocrx_word' id='word_1_111' title='bbox 938 1430 981 1490; x_wconf 82' lang='lat' dir='ltr'>d</span> <span class='ocrx_word' id='word_1_112' title='bbox 1000 1444 1233 1507; x_wconf 80' lang='lat' dir='ltr'>ponunt</span> <span class='ocrx_word' id='word_1_113' title='bbox 1249 1472 1271 1499; x_wconf 82' lang='lat'>‚</span> <span class='ocrx_word' id='word_1_114' title='bbox 1304 1446 1440 1511; x_wconf 81' lang='lat' dir='ltr'>aput</span> <span class='ocrx_word' id='word_1_115' title='bbox 1461 1429 1804 1491; x_wconf 74' lang='lat' dir='ltr'>scribentes.</span> 
     </span>
    </p>

    <p class='ocr_par' dir='ltr' id='par_1_4' title="bbox 638 1505 2580 3542">
     <span class='ocr_line' id='line_1_14' title="bbox 719 1505 2565 1592; baseline -0.001 -23"><span class='ocrx_word' id='word_1_116' title='bbox 719 1510 760 1569; x_wconf 87' lang='lat'>1.</span> <span class='ocrx_word' id='word_1_117' title='bbox 780 1510 841 1571; x_wconf 87' lang='lat'>6.</span> <span class='ocrx_word' id='word_1_118' title='bbox 861 1510 909 1570; x_wconf 78' lang='lat' dir='ltr'>si</span> <span class='ocrx_word' id='word_1_119' title='bbox 936 1508 1075 1569; x_wconf 78' lang='lat' dir='ltr'>laeta</span> <span class='ocrx_word' id='word_1_120' title='bbox 1100 1527 1194 1570; x_wconf 74' lang='lat' dir='ltr'>ast.</span> <span class='ocrx_word' id='word_1_121' title='bbox 1230 1507 1367 1571; x_wconf 82' lang='lat' dir='ltr'>Post</span> <span class='ocrx_word' id='word_1_122' title='bbox 1405 1510 1548 1573; x_wconf 85' lang='lat' dir='ltr'>haec</span> <span class='ocrx_word' id='word_1_123' title='bbox 1580 1510 1793 1584; x_wconf 83' lang='lat' dir='ltr'>verba,</span> <span class='ocrx_word' id='word_1_124' title='bbox 1822 1508 2014 1592; x_wconf 73' lang='lat' dir='ltr'>vulgo</span> <span class='ocrx_word' id='word_1_125' title='bbox 2034 1508 2253 1570; x_wconf 85' lang='lat' dir='ltr'>inserta</span> <span class='ocrx_word' id='word_1_126' title='bbox 2276 1505 2565 1591; x_wconf 80' lang='lat' dir='ltr'>legeban-</span> 
     </span>
     <span class='ocr_line' id='line_1_15' title="bbox 638 1588 2566 1673; baseline -0.002 -20"><span class='ocrx_word' id='word_1_127' title='bbox 638 1606 738 1653; x_wconf 82' lang='lat' dir='ltr'>tur</span> <span class='ocrx_word' id='word_1_128' title='bbox 760 1588 904 1652; x_wconf 76' lang='lat' dir='ltr'>ista:</span> <span class='ocrx_word' id='word_1_129' title='bbox 942 1590 1043 1651; x_wconf 77' lang='lat' dir='ltr'>Cui</span> <span class='ocrx_word' id='word_1_130' title='bbox 1060 1590 1193 1651; x_wconf 72' lang='lat' dir='ltr'>mim</span> <span class='ocrx_word' id='word_1_131' title='bbox 1221 1611 1337 1653; x_wconf 82' lang='lat' dir='ltr'>cum</span> <span class='ocrx_word' id='word_1_132' title='bbox 1349 1608 1656 1673; x_wconf 64' lang='lat' dir='ltr'>paupertate</span> <span class='ocrx_word' id='word_1_133' title='bbox 1679 1593 1798 1652; x_wconf 74' lang='lat' dir='ltr'>bene</span> <span class='ocrx_word' id='word_1_134' title='bbox 1819 1590 2058 1653; x_wconf 76' lang='lat' dir='ltr'>convenit</span> <span class='ocrx_word' id='word_1_135' title='bbox 2072 1635 2096 1664; x_wconf 90' lang='lat'><em>,</em></span> <span class='ocrx_word' id='word_1_136' title='bbox 2119 1590 2263 1650; x_wconf 75' lang='lat' dir='ltr'>dives</span> <span class='ocrx_word' id='word_1_137' title='bbox 2285 1604 2381 1650; x_wconf 78' lang='lat' dir='ltr'>est.</span> <span class='ocrx_word' id='word_1_138' title='bbox 2403 1606 2566 1669; x_wconf 87' lang='lat' dir='ltr'>quo·</span> 
     </span>
     <span class='ocr_line' id='line_1_16' title="bbox 639 1664 2567 1753; baseline -0.003 -20"><span class='ocrx_word' id='word_1_139' title='bbox 639 1690 773 1733; x_wconf 89' lang='lat' dir='ltr'>rum</span> <span class='ocrx_word' id='word_1_140' title='bbox 795 1672 1035 1752; x_wconf 85' lang='lat' dir='ltr'>propria</span> <span class='ocrx_word' id='word_1_141' title='bbox 1067 1673 1233 1734; x_wconf 84' lang='lat' dir='ltr'>sedes</span> <span class='ocrx_word' id='word_1_142' title='bbox 1264 1671 1468 1733; x_wconf 87' lang='lat' dir='ltr'>eratin</span> <span class='ocrx_word' id='word_1_143' title='bbox 1491 1670 1608 1733; x_wconf 83' lang='lat' dir='ltr'>fine</span> <span class='ocrx_word' id='word_1_144' title='bbox 1635 1672 1929 1753; x_wconf 80' lang='lat' dir='ltr'>Epistolae</span> <span class='ocrx_word' id='word_1_145' title='bbox 1946 1688 2044 1733; x_wconf 81' lang='lat' dir='ltr'>lv.</span> <span class='ocrx_word' id='word_1_146' title='bbox 2072 1670 2174 1732; x_wconf 82' lang='lat' dir='ltr'>ubi</span> <span class='ocrx_word' id='word_1_147' title='bbox 2195 1664 2406 1731; x_wconf 59' lang='lat' dir='ltr'>eadem</span> <span class='ocrx_word' id='word_1_148' title='bbox 2422 1687 2567 1729; x_wconf 86' lang='lat' dir='ltr'>ver-</span> 
     </span>
     <span class='ocr_line' id='line_1_17' title="bbox 640 1750 2564 1835; baseline -0.002 -20"><span class='ocrx_word' id='word_1_149' title='bbox 640 1752 721 1815; x_wconf 73' lang='lat' dir='ltr'>ba</span> <span class='ocrx_word' id='word_1_150' title='bbox 746 1751 907 1833; x_wconf 86' lang='lat' dir='ltr'>(una</span> <span class='ocrx_word' id='word_1_151' title='bbox 952 1751 1243 1832; x_wconf 76' lang='lat' dir='ltr'>particula</span> <span class='ocrx_word' id='word_1_152' title='bbox 1278 1753 1409 1813; x_wconf 79' lang='lat' dir='ltr'>enim</span> <span class='ocrx_word' id='word_1_153' title='bbox 1449 1754 1748 1835; x_wconf 81' lang='lat' dir='ltr'>excepta)</span> <span class='ocrx_word' id='word_1_154' title='bbox 1784 1754 1844 1813; x_wconf 88' lang='lat' dir='ltr'>in</span> <span class='ocrx_word' id='word_1_155' title='bbox 1876 1751 2066 1815; x_wconf 87' lang='lat' dir='ltr'>msstis</span> <span class='ocrx_word' id='word_1_156' title='bbox 2096 1752 2374 1813; x_wconf 83' lang='lat' dir='ltr'>omnibus</span> <span class='ocrx_word' id='word_1_157' title='bbox 2409 1765 2472 1811; x_wconf 87' lang='lat' dir='ltr'>et</span> <span class='ocrx_word' id='word_1_158' title='bbox 2499 1750 2564 1811; x_wconf 83' lang='lat' dir='ltr'>in</span> 
     </span>
     <span class='ocr_line' id='line_1_18' title="bbox 640 1830 2568 1915; baseline -0.002 -18"><span class='ocrx_word' id='word_1_159' title='bbox 640 1833 811 1897; x_wconf 86' lang='lat' dir='ltr'>editt.</span> <span class='ocrx_word' id='word_1_160' title='bbox 834 1848 983 1895; x_wconf 83' lang='lat' dir='ltr'>vett.</span> <span class='ocrx_word' id='word_1_161' title='bbox 1003 1852 1159 1914; x_wconf 88' lang='lat' dir='ltr'>quae</span> <span class='ocrx_word' id='word_1_162' title='bbox 1176 1850 1312 1896; x_wconf 92' lang='lat' dir='ltr'>ante</span> <span class='ocrx_word' id='word_1_163' title='bbox 1333 1834 1644 1897; x_wconf 80' lang='lat' dir='ltr'>Muretum</span> <span class='ocrx_word' id='word_1_164' title='bbox 1663 1834 2036 1915; x_wconf 81' lang='lat' dir='ltr'>prodierunt,</span> <span class='ocrx_word' id='word_1_165' title='bbox 2055 1832 2354 1914; x_wconf 84' lang='lat' dir='ltr'>leguntur.</span> <span class='ocrx_word' id='word_1_166' title='bbox 2384 1830 2568 1893; x_wconf 81' lang='lat' dir='ltr'>Nem·</span> 
     </span>
     <span class='ocr_line' id='line_1_19' title="bbox 644 1911 2562 1996; baseline -0.001 -20"><span class='ocrx_word' id='word_1_167' title='bbox 644 1933 757 1996; x_wconf 84' lang='lat' dir='ltr'>pe,</span> <span class='ocrx_word' id='word_1_168' title='bbox 804 1933 989 1996; x_wconf 83' lang='lat' dir='ltr'>quum</span> <span class='ocrx_word' id='word_1_169' title='bbox 1042 1914 1129 1975; x_wconf 88' lang='lat' dir='ltr'>ob</span> <span class='ocrx_word' id='word_1_170' title='bbox 1168 1915 1496 1993; x_wconf 78' lang='lat' dir='ltr'>argumenti</span> <span class='ocrx_word' id='word_1_171' title='bbox 1537 1914 1969 1979; x_wconf 75' lang='lat' dir='ltr'>similitudinem</span> <span class='ocrx_word' id='word_1_172' title='bbox 2015 1914 2162 1977; x_wconf 85' lang='lat' dir='ltr'>olim</span> <span class='ocrx_word' id='word_1_173' title='bbox 2209 1932 2246 1975; x_wconf 83' lang='lat' dir='ltr'>a</span> <span class='ocrx_word' id='word_1_174' title='bbox 2289 1911 2562 1975; x_wconf 83' lang='lat' dir='ltr'>studioso</span> 
     </span>
     <span class='ocr_line' id='line_1_20' title="bbox 643 1992 2563 2077; baseline -0.001 -20"><span class='ocrx_word' id='word_1_175' title='bbox 643 1997 903 2075; x_wconf 86' lang='lat' dir='ltr'>quodam</span> <span class='ocrx_word' id='word_1_176' title='bbox 934 1994 1189 2057; x_wconf 19' lang='lat' dir='ltr'>hominen</span> <span class='ocrx_word' id='word_1_177' title='bbox 1206 1992 1458 2059; x_wconf 82' lang='lat' dir='ltr'>fuissent</span> <span class='ocrx_word' id='word_1_178' title='bbox 1487 1996 1560 2057; x_wconf 89' lang='lat' dir='ltr'>ad</span> <span class='ocrx_word' id='word_1_179' title='bbox 1583 2015 1752 2059; x_wconf 81' lang='lat' dir='ltr'>oram</span> <span class='ocrx_word' id='word_1_180' title='bbox 1780 1997 1843 2060; x_wconf 72' lang='lat' dir='ltr'>h.</span> <span class='ocrx_word' id='word_1_181' title='bbox 1871 1997 1908 2057; x_wconf 82' lang='lat'>1.</span> <span class='ocrx_word' id='word_1_182' title='bbox 1933 1995 2254 2077; x_wconf 85' lang='lat' dir='ltr'>adscripta,</span> <span class='ocrx_word' id='word_1_183' title='bbox 2283 1995 2346 2055; x_wconf 86' lang='lat' dir='ltr'>in</span> <span class='ocrx_word' id='word_1_184' title='bbox 2369 1994 2563 2075; x_wconf 78' lang='lat' dir='ltr'>ipsum</span> 
     </span>
     <span class='ocr_line' id='line_1_21' title="bbox 642 2073 2566 2157; baseline -0.001 -20"><span class='ocrx_word' id='word_1_185' title='bbox 642 2092 987 2139; x_wconf 80' lang='lat' dir='ltr'>contextum</span> <span class='ocrx_word' id='word_1_186' title='bbox 1028 2075 1233 2137; x_wconf 86' lang='lat' dir='ltr'>deinde</span> <span class='ocrx_word' id='word_1_187' title='bbox 1274 2076 1353 2137; x_wconf 87' lang='lat' dir='ltr'>ab</span> <span class='ocrx_word' id='word_1_188' title='bbox 1397 2077 1520 2137; x_wconf 76' lang='lat' dir='ltr'>aliis</span> <span class='ocrx_word' id='word_1_189' title='bbox 1556 2077 1715 2140; x_wconf 88' lang='lat' dir='ltr'>illata</span> <span class='ocrx_word' id='word_1_190' title='bbox 1751 2095 1928 2149; x_wconf 83' lang='lat' dir='ltr'>sunt,</span> <span class='ocrx_word' id='word_1_191' title='bbox 1975 2096 2036 2138; x_wconf 92' lang='lat' dir='ltr'>et</span> <span class='ocrx_word' id='word_1_192' title='bbox 2077 2095 2184 2157; x_wconf 83' lang='lat' dir='ltr'>per</span> <span class='ocrx_word' id='word_1_193' title='bbox 2214 2073 2566 2157; x_wconf 79' lang='lat' dir='ltr'>particulam</span> 
     </span>
     <span class='ocr_line' id='line_1_22' title="bbox 644 2156 2566 2239; baseline 0 -22"><span class='ocrx_word' id='word_1_194' title='bbox 644 2156 777 2217; x_wconf 76' lang='lat' dir='ltr'>mim</span> <span class='ocrx_word' id='word_1_195' title='bbox 816 2174 955 2219; x_wconf 85' lang='lat' dir='ltr'>cum</span> <span class='ocrx_word' id='word_1_196' title='bbox 990 2157 1390 2239; x_wconf 83' lang='lat' dir='ltr'>superioribus</span> <span class='ocrx_word' id='word_1_197' title='bbox 1411 2174 1684 2221; x_wconf 79' lang='lat' dir='ltr'>connexa</span> <span class='ocrx_word' id='word_1_198' title='bbox 1702 2204 1724 2233; x_wconf 93' lang='lat'>,</span> <span class='ocrx_word' id='word_1_199' title='bbox 1761 2176 1826 2221; x_wconf 86' lang='lat' dir='ltr'>ut</span> <span class='ocrx_word' id='word_1_200' title='bbox 1860 2158 1920 2219; x_wconf 87' lang='lat' dir='ltr'>in</span> <span class='ocrx_word' id='word_1_201' title='bbox 1947 2174 2164 2227; x_wconf 83' lang='lat' dir='ltr'>nostro</span> <span class='ocrx_word' id='word_1_202' title='bbox 2193 2175 2302 2219; x_wconf 88' lang='lat' dir='ltr'>ms.</span> <span class='ocrx_word' id='word_1_203' title='bbox 2326 2158 2382 2217; x_wconf 83' lang='lat' dir='ltr'>b.</span> <span class='ocrx_word' id='word_1_204' title='bbox 2405 2172 2468 2218; x_wconf 84' lang='lat' dir='ltr'>et</span> <span class='ocrx_word' id='word_1_205' title='bbox 2503 2157 2566 2217; x_wconf 86' lang='lat' dir='ltr'>in</span> 
     </span>
     <span class='ocr_line' id='line_1_23' title="bbox 641 2236 2568 2319; baseline 0 -20"><span class='ocrx_word' id='word_1_206' title='bbox 641 2255 723 2299; x_wconf 84' lang='lat' dir='ltr'>eo</span> <span class='ocrx_word' id='word_1_207' title='bbox 748 2236 1062 2318; x_wconf 78' lang='lat' dir='ltr'>exemplo,</span> <span class='ocrx_word' id='word_1_208' title='bbox 1095 2257 1131 2300; x_wconf 92' lang='lat' dir='ltr'>e</span> <span class='ocrx_word' id='word_1_209' title='bbox 1161 2257 1291 2318; x_wconf 85' lang='lat' dir='ltr'>quo</span> <span class='ocrx_word' id='word_1_210' title='bbox 1318 2256 1600 2319; x_wconf 85' lang='lat' dir='ltr'>expressa</span> <span class='ocrx_word' id='word_1_211' title='bbox 1623 2238 1808 2303; x_wconf 89' lang='lat' dir='ltr'>editio</span> <span class='ocrx_word' id='word_1_212' title='bbox 1832 2239 2014 2303; x_wconf 86' lang='lat' dir='ltr'>Rom.</span> <span class='ocrx_word' id='word_1_213' title='bbox 2047 2254 2183 2313; x_wconf 78' lang='lat' dir='ltr'>est;</span> <span class='ocrx_word' id='word_1_214' title='bbox 2213 2240 2278 2299; x_wconf 85' lang='lat' dir='ltr'>in</span> <span class='ocrx_word' id='word_1_215' title='bbox 2301 2237 2568 2299; x_wconf 81' lang='lat' dir='ltr'>aliisau-</span> 
     </span>
     <span class='ocr_line' id='line_1_24' title="bbox 642 2318 2567 2402; baseline -0.001 -21"><span class='ocrx_word' id='word_1_216' title='bbox 642 2334 765 2381; x_wconf 85' lang='lat' dir='ltr'>tem</span> <span class='ocrx_word' id='word_1_217' title='bbox 792 2318 957 2382; x_wconf 72' lang='lat' dir='ltr'>fibris</span> <span class='ocrx_word' id='word_1_218' title='bbox 975 2364 995 2394; x_wconf 87' lang='lat'><strong>,</strong></span> <span class='ocrx_word' id='word_1_219' title='bbox 1026 2320 1131 2402; x_wconf 89' lang='lat' dir='ltr'>qui</span> <span class='ocrx_word' id='word_1_220' title='bbox 1152 2322 1542 2401; x_wconf 77' lang='lat' dir='ltr'>caeteroquin</span> <span class='ocrx_word' id='word_1_221' title='bbox 1561 2320 1720 2385; x_wconf 88' lang='lat' dir='ltr'>idem</span> <span class='ocrx_word' id='word_1_222' title='bbox 1741 2320 1954 2383; x_wconf 85' lang='lat' dir='ltr'>habent</span> <span class='ocrx_word' id='word_1_223' title='bbox 1979 2320 2392 2383; x_wconf 82' lang='lat' dir='ltr'>adsumentum</span> <span class='ocrx_word' id='word_1_224' title='bbox 2408 2364 2430 2393; x_wconf 87' lang='lat'>‚</span> <span class='ocrx_word' id='word_1_225' title='bbox 2453 2320 2567 2402; x_wconf 86' lang='lat' dir='ltr'>(ut</span> 
     </span>
     <span class='ocr_line' id='line_1_25' title="bbox 643 2398 2566 2485; baseline 0.001 -23"><span class='ocrx_word' id='word_1_226' title='bbox 643 2419 755 2464; x_wconf 83' lang='lat' dir='ltr'>ms.</span> <span class='ocrx_word' id='word_1_227' title='bbox 786 2415 975 2464; x_wconf 79' lang='lat' dir='ltr'>nostr.</span> <span class='ocrx_word' id='word_1_228' title='bbox 995 2422 1044 2464; x_wconf 83' lang='lat' dir='ltr'>c.</span> <span class='ocrx_word' id='word_1_229' title='bbox 1088 2400 1268 2467; x_wconf 78' lang='lat' dir='ltr'>Paris.</span> <span class='ocrx_word' id='word_1_230' title='bbox 1291 2426 1347 2464; x_wconf 78' lang='lat' dir='ltr'>a.</span> <span class='ocrx_word' id='word_1_231' title='bbox 1376 2403 1500 2464; x_wconf 52' lang='lat' dir='ltr'>lad.</span> <span class='ocrx_word' id='word_1_232' title='bbox 1537 2421 1596 2466; x_wconf 84' lang='lat' dir='ltr'>et</span> <span class='ocrx_word' id='word_1_233' title='bbox 1641 2402 1740 2466; x_wconf 86' lang='lat' dir='ltr'>alii</span> <span class='ocrx_word' id='word_1_234' title='bbox 1776 2402 1928 2484; x_wconf 78' lang='lat' dir='ltr'>apud</span> <span class='ocrx_word' id='word_1_235' title='bbox 1964 2398 2201 2485; x_wconf 84' lang='lat' dir='ltr'>Opsop.</span> <span class='ocrx_word' id='word_1_236' title='bbox 2243 2417 2308 2464; x_wconf 88' lang='lat' dir='ltr'>et</span> <span class='ocrx_word' id='word_1_237' title='bbox 2337 2399 2566 2474; x_wconf 87' lang='lat' dir='ltr'>Grut.)</span> 
     </span>
     <span class='ocr_line' id='line_1_26' title="bbox 644 2481 2569 2565; baseline 0.002 -25"><span class='ocrx_word' id='word_1_238' title='bbox 644 2481 869 2544; x_wconf 84' lang='lat' dir='ltr'>vocula</span> <span class='ocrx_word' id='word_1_239' title='bbox 902 2483 1033 2544; x_wconf 67' lang='lat' dir='ltr'>erim</span> <span class='ocrx_word' id='word_1_240' title='bbox 1066 2500 1189 2544; x_wconf 91' lang='lat' dir='ltr'>non</span> <span class='ocrx_word' id='word_1_241' title='bbox 1222 2499 1576 2565; x_wconf 76' lang='lat' dir='ltr'>comparet:</span> <span class='ocrx_word' id='word_1_242' title='bbox 1618 2503 1694 2550; x_wconf 79' lang='lat' dir='ltr'>ex</span> <span class='ocrx_word' id='word_1_243' title='bbox 1727 2484 1948 2548; x_wconf 85' lang='lat' dir='ltr'>eisdem</span> <span class='ocrx_word' id='word_1_244' title='bbox 1991 2482 2262 2545; x_wconf 85' lang='lat' dir='ltr'>nonnulli</span> <span class='ocrx_word' id='word_1_245' title='bbox 2295 2501 2440 2546; x_wconf 80' lang='lat' dir='ltr'>cum</span> <span class='ocrx_word' id='word_1_246' title='bbox 2471 2482 2569 2544; x_wconf 89' lang='lat' dir='ltr'>ed.</span> 
     </span>
     <span class='ocr_line' id='line_1_27' title="bbox 647 2562 2568 2647; baseline 0.002 -24"><span class='ocrx_word' id='word_1_247' title='bbox 647 2562 830 2624; x_wconf 85' lang='lat' dir='ltr'>Rom.</span> <span class='ocrx_word' id='word_1_248' title='bbox 865 2565 1085 2644; x_wconf 79' lang='lat' dir='ltr'>procui</span> <span class='ocrx_word' id='word_1_249' title='bbox 1108 2562 1327 2626; x_wconf 88' lang='lat' dir='ltr'>habent</span> <span class='ocrx_word' id='word_1_250' title='bbox 1362 2565 1520 2643; x_wconf 69' lang='grc' dir='ltr'>ρηίς</span> <span class='ocrx_word' id='word_1_251' title='bbox 1549 2584 1656 2628; x_wconf 85' lang='lat' dir='ltr'>ms.</span> <span class='ocrx_word' id='word_1_252' title='bbox 1678 2587 1726 2628; x_wconf 89' lang='lat' dir='ltr'>c.</span> <span class='ocrx_word' id='word_1_253' title='bbox 1745 2584 1896 2628; x_wconf 80' lang='lat' dir='ltr'>vero</span> <span class='ocrx_word' id='word_1_254' title='bbox 1913 2581 1977 2628; x_wconf 88' lang='lat' dir='ltr'>et</span> <span class='ocrx_word' id='word_1_255' title='bbox 2000 2565 2093 2627; x_wconf 87' lang='lat' dir='ltr'>ed.</span> <span class='ocrx_word' id='word_1_256' title='bbox 2113 2565 2196 2627; x_wconf 85' lang='lat' dir='ltr'>A.</span> <span class='ocrx_word' id='word_1_257' title='bbox 2235 2565 2568 2647; x_wconf 50' lang='lat' dir='ltr'>Quemque.</span> 
     </span>
     <span class='ocr_line' id='line_1_28' title="bbox 647 2643 2571 2728; baseline 0 -20"><span class='ocrx_word' id='word_1_258' title='bbox 647 2643 763 2708; x_wconf 85' lang='lat' dir='ltr'>Sed</span> <span class='ocrx_word' id='word_1_259' title='bbox 785 2658 981 2708; x_wconf 86' lang='lat' dir='ltr'>totum</span> <span class='ocrx_word' id='word_1_260' title='bbox 1006 2645 1418 2710; x_wconf 81' lang='lat' dir='ltr'>adsumentum</span> <span class='ocrx_word' id='word_1_261' title='bbox 1441 2647 1600 2710; x_wconf 70' lang='lat' dir='ltr'>reete</span> <span class='ocrx_word' id='word_1_262' title='bbox 1619 2648 1676 2710; x_wconf 87' lang='lat' dir='ltr'>b.</span> <span class='ocrx_word' id='word_1_263' title='bbox 1697 2646 1738 2711; x_wconf 88' lang='lat'>1.</span> <span class='ocrx_word' id='word_1_264' title='bbox 1757 2646 1988 2728; x_wconf 80' lang='lat' dir='ltr'>ignorat</span> <span class='ocrx_word' id='word_1_265' title='bbox 2007 2645 2439 2708; x_wconf 84' lang='lat' dir='ltr'>vetustissimus</span> <span class='ocrx_word' id='word_1_266' title='bbox 2461 2664 2571 2708; x_wconf 78' lang='lat' dir='ltr'>no-</span> 
     </span>
     <span class='ocr_line' id='line_1_29' title="bbox 647 2725 2572 2812; baseline 0.002 -24"><span class='ocrx_word' id='word_1_267' title='bbox 647 2742 771 2788; x_wconf 84' lang='lat' dir='ltr'>ster</span> <span class='ocrx_word' id='word_1_268' title='bbox 790 2744 899 2788; x_wconf 86' lang='lat' dir='ltr'>ms.</span> <span class='ocrx_word' id='word_1_269' title='bbox 928 2728 1065 2810; x_wconf 79' lang='lat' dir='ltr'>Arg.</span> <span class='ocrx_word' id='word_1_270' title='bbox 1091 2750 1147 2789; x_wconf 84' lang='lat' dir='ltr'>a.</span> <span class='ocrx_word' id='word_1_271' title='bbox 1164 2745 1303 2790; x_wconf 86' lang='lat' dir='ltr'>cum</span> <span class='ocrx_word' id='word_1_272' title='bbox 1327 2729 1512 2812; x_wconf 69' lang='grc' dir='ltr'>Δωρί.</span> <span class='ocrx_word' id='word_1_273' title='bbox 1537 2746 1600 2792; x_wconf 88' lang='lat' dir='ltr'>et</span> <span class='ocrx_word' id='word_1_274' title='bbox 1619 2728 1852 2810; x_wconf 81' lang='lat' dir='ltr'>optimo</span> <span class='ocrx_word' id='word_1_275' title='bbox 1879 2728 2016 2792; x_wconf 83' lang='lat' dir='ltr'>cod.</span> <span class='ocrx_word' id='word_1_276' title='bbox 2037 2727 2327 2790; x_wconf 76' lang='lat' dir='ltr'>Nicetiano</span> <span class='ocrx_word' id='word_1_277' title='bbox 2355 2725 2572 2810; x_wconf 75' lang='grc' dir='ltr'>Ορω-</span> 
     </span>
     <span class='ocr_line' id='line_1_30' title="bbox 648 2805 2569 2894; baseline 0 -24"><span class='ocrx_word' id='word_1_278' title='bbox 648 2805 811 2887; x_wconf 79' lang='lat' dir='ltr'>poei-</span> <span class='ocrx_word' id='word_1_279' title='bbox 890 2811 1041 2872; x_wconf 79' lang='lat' dir='ltr'>Ead.</span> <span class='ocrx_word' id='word_1_280' title='bbox 1063 2809 1157 2872; x_wconf 72' lang='lat' dir='ltr'>lin.</span> <span class='ocrx_word' id='word_1_281' title='bbox 1174 2809 1232 2870; x_wconf 89' lang='grc'>6.</span> <span class='ocrx_word' id='word_1_282' title='bbox 1256 2811 1408 2870; x_wconf 60' lang='grc' dir='ltr'>’Νοπ</span> <span class='ocrx_word' id='word_1_283' title='bbox 1427 2855 1448 2882; x_wconf 85' lang='lat'><em>,</em></span> <span class='ocrx_word' id='word_1_284' title='bbox 1491 2810 1594 2894; x_wconf 73' lang='lat' dir='ltr'>qui·</span> <span class='ocrx_word' id='word_1_285' title='bbox 1632 2813 1766 2872; x_wconf 82' lang='lat' dir='ltr'>Non</span> <span class='ocrx_word' id='word_1_286' title='bbox 1793 2832 1914 2870; x_wconf 80' lang='lat' dir='ltr'>vero</span> <span class='ocrx_word' id='word_1_287' title='bbox 1945 2808 2032 2892; x_wconf 72' lang='lat' dir='ltr'>qui</span> <span class='ocrx_word' id='word_1_288' title='bbox 2077 2808 2258 2872; x_wconf 78' lang='lat' dir='ltr'>habet</span> <span class='ocrx_word' id='word_1_289' title='bbox 2293 2809 2480 2869; x_wconf 73' lang='lat' dir='ltr'>Paris.</span> <span class='ocrx_word' id='word_1_290' title='bbox 2509 2831 2569 2870; x_wconf 67' lang='lat' dir='ltr'>a»</span> 
     </span>
     <span class='ocr_line' id='line_1_31' title="bbox 647 2889 2574 2974; baseline 0 -22"><span class='ocrx_word' id='word_1_291' title='bbox 647 2891 689 2952; x_wconf 84' lang='lat' dir='ltr'>l.</span> <span class='ocrx_word' id='word_1_292' title='bbox 728 2907 789 2966; x_wconf 89' lang='lat'>7.</span> <span class='ocrx_word' id='word_1_293' title='bbox 815 2909 1021 2974; x_wconf 77' lang='lat' dir='ltr'>pauper</span> <span class='ocrx_word' id='word_1_294' title='bbox 1061 2909 1155 2952; x_wconf 76' lang='lat' dir='ltr'>est.</span> <span class='ocrx_word' id='word_1_295' title='bbox 1199 2890 1466 2952; x_wconf 85' lang='lat' dir='ltr'>Verbum</span> <span class='ocrx_word' id='word_1_296' title='bbox 1508 2911 1585 2952; x_wconf 80' lang='lat' dir='ltr'>est</span> <span class='ocrx_word' id='word_1_297' title='bbox 1627 2892 1990 2956; x_wconf 85' lang='lat' dir='ltr'>desideratur</span> <span class='ocrx_word' id='word_1_298' title='bbox 2025 2889 2086 2951; x_wconf 91' lang='lat' dir='ltr'>in</span> <span class='ocrx_word' id='word_1_299' title='bbox 2128 2905 2338 2952; x_wconf 85' lang='lat' dir='ltr'>nostro</span> <span class='ocrx_word' id='word_1_300' title='bbox 2379 2908 2492 2952; x_wconf 85' lang='lat' dir='ltr'>ms.</span> <span class='ocrx_word' id='word_1_301' title='bbox 2521 2892 2574 2952; x_wconf 80' lang='lat' dir='ltr'>b.</span> 
     </span>
     <span class='ocr_line' id='line_1_32' title="bbox 650 2967 2574 3036; baseline 0.003 -9"><span class='ocrx_word' id='word_1_302' title='bbox 650 2969 689 3028; x_wconf 85' lang='lat' dir='ltr'>l.</span> <span class='ocrx_word' id='word_1_303' title='bbox 718 2967 775 3034; x_wconf 78' lang='grc'>8.</span> <span class='ocrx_word' id='word_1_304' title='bbox 813 2994 959 3034; x_wconf 82' lang='lat' dir='ltr'>arca.</span> <span class='ocrx_word' id='word_1_305' title='bbox 996 2973 1161 3032; x_wconf 75' lang='lat' dir='ltr'>archa</span> <span class='ocrx_word' id='word_1_306' title='bbox 1194 2971 1454 3034; x_wconf 76' lang='lat' dir='ltr'>scribunt</span> <span class='ocrx_word' id='word_1_307' title='bbox 1485 2974 1674 3034; x_wconf 82' lang='lat' dir='ltr'>nostri</span> <span class='ocrx_word' id='word_1_308' title='bbox 1694 2996 1754 3036; x_wconf 82' lang='lat' dir='ltr'>a.</span> <span class='ocrx_word' id='word_1_309' title='bbox 1776 2973 1830 3032; x_wconf 80' lang='lat' dir='ltr'>b.</span> <span class='ocrx_word' id='word_1_310' title='bbox 1853 2995 1900 3034; x_wconf 86' lang='lat' dir='ltr'>c.</span> <span class='ocrx_word' id='word_1_311' title='bbox 1939 2971 2034 3036; x_wconf 80' lang='lat' dir='ltr'>Sic</span> <span class='ocrx_word' id='word_1_312' title='bbox 2057 2987 2118 3036; x_wconf 82' lang='lat' dir='ltr'>et</span> <span class='ocrx_word' id='word_1_313' title='bbox 2141 2971 2232 3033; x_wconf 71' lang='lat' dir='ltr'>ed.</span> <span class='ocrx_word' id='word_1_314' title='bbox 2254 2972 2336 3033; x_wconf 83' lang='lat' dir='ltr'>A.</span> <span class='ocrx_word' id='word_1_315' title='bbox 2373 2986 2438 3032; x_wconf 82' lang='lat' dir='ltr'>et</span> <span class='ocrx_word' id='word_1_316' title='bbox 2475 2971 2574 3034; x_wconf 74' lang='lat' dir='ltr'>ed·</span> 
     </span>
     <span class='ocr_line' id='line_1_33' title="bbox 650 3049 2578 3134; baseline 0.003 -24"><span class='ocrx_word' id='word_1_317' title='bbox 650 3049 835 3113; x_wconf 86' lang='lat' dir='ltr'>Rom.</span> <span class='ocrx_word' id='word_1_318' title='bbox 917 3053 960 3111; x_wconf 88' lang='lat' dir='ltr'>l.</span> <span class='ocrx_word' id='word_1_319' title='bbox 984 3073 1043 3132; x_wconf 79' lang='lat'>9.</span> <span class='ocrx_word' id='word_1_320' title='bbox 1070 3069 1171 3112; x_wconf 80' lang='lat' dir='ltr'>aut</span> <span class='ocrx_word' id='word_1_321' title='bbox 1186 3049 1399 3130; x_wconf 77' lang='lat' dir='ltr'>feneret.</span> <span class='ocrx_word' id='word_1_322' title='bbox 1435 3052 1636 3122; x_wconf 86' lang='lat' dir='ltr'>Tenui</span> <span class='ocrx_word' id='word_1_323' title='bbox 1651 3073 1786 3127; x_wconf 80' lang='lat' dir='ltr'>aut,</span> <span class='ocrx_word' id='word_1_324' title='bbox 1823 3053 1886 3116; x_wconf 86' lang='lat' dir='ltr'>in</span> <span class='ocrx_word' id='word_1_325' title='bbox 1913 3052 2076 3134; x_wconf 82' lang='lat' dir='ltr'>quod</span> <span class='ocrx_word' id='word_1_326' title='bbox 2096 3071 2234 3115; x_wconf 80' lang='lat' dir='ltr'>eum</span> <span class='ocrx_word' id='word_1_327' title='bbox 2265 3051 2360 3115; x_wconf 87' lang='lat' dir='ltr'>ed.</span> <span class='ocrx_word' id='word_1_328' title='bbox 2386 3051 2578 3116; x_wconf 57' lang='lat' dir='ltr'>Roma</span> 
     </span>
     <span class='ocr_line' id='line_1_34' title="bbox 651 3132 2576 3216; baseline 0.001 -22"><span class='ocrx_word' id='word_1_329' title='bbox 651 3147 711 3194; x_wconf 78' lang='lat' dir='ltr'>et</span> <span class='ocrx_word' id='word_1_330' title='bbox 732 3149 897 3213; x_wconf 82' lang='lat' dir='ltr'>seqq.</span> <span class='ocrx_word' id='word_1_331' title='bbox 925 3132 1310 3196; x_wconf 83' lang='lat' dir='ltr'>consentiunt</span> <span class='ocrx_word' id='word_1_332' title='bbox 1340 3134 1528 3196; x_wconf 78' lang='lat' dir='ltr'>nostri</span> <span class='ocrx_word' id='word_1_333' title='bbox 1551 3153 1690 3196; x_wconf 87' lang='lat' dir='ltr'>mss.</span> <span class='ocrx_word' id='word_1_334' title='bbox 1705 3158 1758 3196; x_wconf 84' lang='lat' dir='ltr'>a.</span> <span class='ocrx_word' id='word_1_335' title='bbox 1776 3149 1836 3196; x_wconf 92' lang='lat' dir='ltr'>et</span> <span class='ocrx_word' id='word_1_336' title='bbox 1853 3135 1906 3194; x_wconf 81' lang='lat' dir='ltr'>b.</span> <span class='ocrx_word' id='word_1_337' title='bbox 1935 3135 2196 3216; x_wconf 74' lang='lat' dir='ltr'>itemque</span> <span class='ocrx_word' id='word_1_338' title='bbox 2219 3134 2347 3196; x_wconf 77' lang='lat' dir='ltr'>Par.</span> <span class='ocrx_word' id='word_1_339' title='bbox 2363 3158 2420 3196; x_wconf 84' lang='lat' dir='ltr'>a.</span> <span class='ocrx_word' id='word_1_340' title='bbox 2435 3136 2488 3194; x_wconf 68' lang='lat' dir='ltr'>h,</span> <span class='ocrx_word' id='word_1_341' title='bbox 2510 3135 2576 3195; x_wconf 76' lang='lat' dir='ltr'>d.</span> 
     </span>
     <span class='ocr_line' id='line_1_35' title="bbox 654 3212 2574 3294; baseline 0.001 -22"><span class='ocrx_word' id='word_1_342' title='bbox 654 3226 717 3272; x_wconf 89' lang='lat' dir='ltr'>et</span> <span class='ocrx_word' id='word_1_343' title='bbox 753 3212 867 3274; x_wconf 86' lang='lat' dir='ltr'>alii.</span> <span class='ocrx_word' id='word_1_344' title='bbox 903 3229 949 3272; x_wconf 80' lang='lat' dir='ltr'>et</span> <span class='ocrx_word' id='word_1_345' title='bbox 978 3231 1091 3293; x_wconf 87' lang='lat' dir='ltr'>pro</span> <span class='ocrx_word' id='word_1_346' title='bbox 1115 3231 1216 3274; x_wconf 80' lang='lat' dir='ltr'>aut</span> <span class='ocrx_word' id='word_1_347' title='bbox 1239 3212 1416 3276; x_wconf 86' lang='lat' dir='ltr'>babet</span> <span class='ocrx_word' id='word_1_348' title='bbox 1446 3233 1648 3278; x_wconf 88' lang='lat' dir='ltr'>noster</span> <span class='ocrx_word' id='word_1_349' title='bbox 1678 3239 1726 3278; x_wconf 86' lang='lat' dir='ltr'>c.</span> <span class='ocrx_word' id='word_1_350' title='bbox 1759 3235 1896 3280; x_wconf 80' lang='lat' dir='ltr'>cum</span> <span class='ocrx_word' id='word_1_351' title='bbox 1921 3214 2024 3278; x_wconf 79' lang='lat' dir='ltr'>ed.</span> <span class='ocrx_word' id='word_1_352' title='bbox 2043 3215 2126 3278; x_wconf 82' lang='lat' dir='ltr'>A.</span> <span class='ocrx_word' id='word_1_353' title='bbox 2155 3215 2574 3294; x_wconf 69' lang='lat' dir='ltr'>quantumftno-</span> 
     </span>
     <span class='ocr_line' id='line_1_36' title="bbox 655 3293 2580 3379; baseline 0.003 -25"><span class='ocrx_word' id='word_1_354' title='bbox 655 3311 729 3354; x_wconf 79' lang='lat' dir='ltr'>ret</span> <span class='ocrx_word' id='word_1_355' title='bbox 752 3312 858 3356; x_wconf 83' lang='lat' dir='ltr'>ms.</span> <span class='ocrx_word' id='word_1_356' title='bbox 880 3293 1069 3376; x_wconf 72' lang='grc' dir='ltr'><strong>Δωρί.</strong></span> <span class='ocrx_word' id='word_1_357' title='bbox 1104 3311 1165 3356; x_wconf 84' lang='lat' dir='ltr'>et</span> <span class='ocrx_word' id='word_1_358' title='bbox 1193 3311 1458 3376; x_wconf 84' lang='lat' dir='ltr'>quatuor</span> <span class='ocrx_word' id='word_1_359' title='bbox 1491 3294 1768 3372; x_wconf 85' lang='lat' dir='ltr'>Gruteri;</span> <span class='ocrx_word' id='word_1_360' title='bbox 1809 3296 1974 3379; x_wconf 88' lang='lat' dir='ltr'>quod</span> <span class='ocrx_word' id='word_1_361' title='bbox 2015 3295 2326 3378; x_wconf 77' lang='lat' dir='ltr'>adoptavit</span> <span class='ocrx_word' id='word_1_362' title='bbox 2365 3294 2580 3360; x_wconf 76' lang='lat' dir='ltr'>Ruhk,</span> 
     </span>
     <span class='ocr_line' id='line_1_37' title="bbox 652 3374 2576 3460; baseline 0.001 -21"><span class='ocrx_word' id='word_1_363' title='bbox 652 3374 736 3439; x_wconf 83' lang='lat' dir='ltr'>ita</span> <span class='ocrx_word' id='word_1_364' title='bbox 810 3377 1001 3440; x_wconf 86' lang='lat' dir='ltr'>uidem</span> <span class='ocrx_word' id='word_1_365' title='bbox 1038 3393 1102 3442; x_wconf 81' lang='lat' dir='ltr'>ut</span> <span class='ocrx_word' id='word_1_366' title='bbox 1124 3374 1359 3458; x_wconf 70' lang='lat' dir='ltr'>fimum</span> <span class='ocrx_word' id='word_1_367' title='bbox 1397 3395 1502 3460; x_wconf 81' lang='lat' dir='ltr'>per</span> <span class='ocrx_word' id='word_1_368' title='bbox 1531 3400 1592 3441; x_wconf 79' lang='lat' dir='ltr'>oe</span> <span class='ocrx_word' id='word_1_369' title='bbox 1625 3377 1908 3442; x_wconf 85' lang='lat' dir='ltr'>scriberet</span> <span class='ocrx_word' id='word_1_370' title='bbox 1938 3397 2076 3442; x_wconf 83' lang='lat' dir='ltr'>cum</span> <span class='ocrx_word' id='word_1_371' title='bbox 2111 3377 2231 3440; x_wconf 82' lang='lat' dir='ltr'>aliis</span> <span class='ocrx_word' id='word_1_372' title='bbox 2263 3376 2392 3441; x_wconf 86' lang='lat' dir='ltr'>edd.</span> <span class='ocrx_word' id='word_1_373' title='bbox 2431 3377 2576 3440; x_wconf 81' lang='lat' dir='ltr'>inde</span> 
     </span>
     <span class='ocr_line' id='line_1_38' title="bbox 654 3456 2578 3542; baseline 0.002 -24"><span class='ocrx_word' id='word_1_374' title='bbox 654 3457 731 3520; x_wconf 90' lang='lat' dir='ltr'>ab</span> <span class='ocrx_word' id='word_1_375' title='bbox 813 3475 1033 3524; x_wconf 84' lang='lat' dir='ltr'>rasmo.</span> <span class='ocrx_word' id='word_1_376' title='bbox 1052 3456 1247 3537; x_wconf 80' lang='lat' dir='ltr'>feneret</span> <span class='ocrx_word' id='word_1_377' title='bbox 1274 3457 1498 3523; x_wconf 82' lang='lat' dir='ltr'>habent</span> <span class='ocrx_word' id='word_1_378' title='bbox 1531 3461 1696 3524; x_wconf 85' lang='lat' dir='ltr'>mssti</span> <span class='ocrx_word' id='word_1_379' title='bbox 1719 3479 1962 3536; x_wconf 86' lang='lat' dir='ltr'>omnes,</span> <span class='ocrx_word' id='word_1_380' title='bbox 2002 3475 2258 3542; x_wconf 80' lang='lat' dir='ltr'>excepto</span> <span class='ocrx_word' id='word_1_381' title='bbox 2289 3475 2503 3524; x_wconf 82' lang='lat' dir='ltr'>nostro</span> <span class='ocrx_word' id='word_1_382' title='bbox 2523 3479 2578 3521; x_wconf 79' lang='grc' dir='ltr'>σ.</span> 
     </span>
    </p>
   </div>
   <div class='ocr_carea' id='block_1_3' title="bbox 540 3535 2576 3623">
    <p class='ocr_par' dir='ltr' id='par_1_5' title="bbox 540 3535 2576 3623">
     <span class='ocr_line' id='line_1_39' title="bbox 540 3535 2576 3623; baseline 0.001 -23"><span class='ocrx_word' id='word_1_383' title='bbox 540 3607 549 3621; x_wconf 67' lang='lat'>„</span> <span class='ocrx_word' id='word_1_384' title='bbox 653 3539 721 3600; x_wconf 88' lang='lat' dir='ltr'>in</span> <span class='ocrx_word' id='word_1_385' title='bbox 750 3558 878 3621; x_wconf 90' lang='lat' dir='ltr'>quo</span> <span class='ocrx_word' id='word_1_386' title='bbox 897 3535 1145 3619; x_wconf 74' lang='lat' dir='ltr'>feneret,</span> <span class='ocrx_word' id='word_1_387' title='bbox 1186 3541 1349 3621; x_wconf 87' lang='lat' dir='ltr'>quod</span> <span class='ocrx_word' id='word_1_388' title='bbox 1386 3556 1456 3602; x_wconf 86' lang='lat' dir='ltr'>et·</span> <span class='ocrx_word' id='word_1_389' title='bbox 1491 3541 1554 3604; x_wconf 86' lang='lat' dir='ltr'>in</span> <span class='ocrx_word' id='word_1_390' title='bbox 1589 3542 1682 3604; x_wconf 85' lang='lat' dir='ltr'>ed.</span> <span class='ocrx_word' id='word_1_391' title='bbox 1715 3543 1795 3604; x_wconf 81' lang='lat' dir='ltr'>A.</span> <span class='ocrx_word' id='word_1_392' title='bbox 1833 3543 1936 3604; x_wconf 85' lang='lat' dir='ltr'>sed</span> <span class='ocrx_word' id='word_1_393' title='bbox 1961 3540 2222 3623; x_wconf 68' lang='lat' dir='ltr'>senemr</span> <span class='ocrx_word' id='word_1_394' title='bbox 2251 3538 2348 3605; x_wconf 86' lang='lat' dir='ltr'>ed.</span> <span class='ocrx_word' id='word_1_395' title='bbox 2387 3539 2576 3604; x_wconf 83' lang='lat' dir='ltr'>Rom.</span> 
     </span>
    </p>
   </div>
   <div class='ocr_carea' id='block_1_4' title="bbox 656 3619 2580 3953">
    <p class='ocr_par' dir='ltr' id='par_1_6' title="bbox 656 3619 2580 3953">
     <span class='ocr_line' id='line_1_40' title="bbox 656 3619 2580 3704; baseline 0.003 -26"><span class='ocrx_word' id='word_1_396' title='bbox 656 3632 781 3678; x_wconf 86' lang='lat' dir='ltr'>tum</span> <span class='ocrx_word' id='word_1_397' title='bbox 799 3619 1095 3698; x_wconf 68' lang='lat' dir='ltr'>fhenaereeur</span> <span class='ocrx_word' id='word_1_398' title='bbox 1112 3621 1205 3682; x_wconf 88' lang='lat' dir='ltr'>ed.</span> <span class='ocrx_word' id='word_1_399' title='bbox 1234 3619 1422 3686; x_wconf 84' lang='lat' dir='ltr'>Tarv.</span> <span class='ocrx_word' id='word_1_400' title='bbox 1455 3636 1515 3686; x_wconf 85' lang='lat' dir='ltr'>et</span> <span class='ocrx_word' id='word_1_401' title='bbox 1546 3622 1702 3686; x_wconf 86' lang='lat' dir='ltr'>Ven.</span> <span class='ocrx_word' id='word_1_402' title='bbox 1783 3622 1827 3686; x_wconf 81' lang='grc' dir='ltr'>ἱ.</span> <span class='ocrx_word' id='word_1_403' title='bbox 1855 3641 1948 3686; x_wconf 81' lang='grc' dir='ltr'>ιο.</span> <span class='ocrx_word' id='word_1_404' title='bbox 1974 3623 2318 3704; x_wconf 77' lang='lat' dir='ltr'>adquirenda.</span> <span class='ocrx_word' id='word_1_405' title='bbox 2346 3620 2444 3685; x_wconf 84' lang='lat' dir='ltr'>Sic</span> <span class='ocrx_word' id='word_1_406' title='bbox 2462 3640 2580 3684; x_wconf 85' lang='lat' dir='ltr'>no-</span> 
     </span>
     <span class='ocr_line' id='line_1_41' title="bbox 656 3700 2580 3786; baseline 0.004 -26"><span class='ocrx_word' id='word_1_407' title='bbox 656 3700 763 3760; x_wconf 84' lang='lat' dir='ltr'>stri</span> <span class='ocrx_word' id='word_1_408' title='bbox 790 3724 845 3764; x_wconf 86' lang='lat' dir='ltr'>a.</span> <span class='ocrx_word' id='word_1_409' title='bbox 870 3719 930 3764; x_wconf 87' lang='lat' dir='ltr'>et</span> <span class='ocrx_word' id='word_1_410' title='bbox 958 3703 1011 3762; x_wconf 74' lang='lat' dir='ltr'>b.</span> <span class='ocrx_word' id='word_1_411' title='bbox 1047 3703 1191 3786; x_wconf 87' lang='lat' dir='ltr'>(qui</span> <span class='ocrx_word' id='word_1_412' title='bbox 1222 3720 1280 3766; x_wconf 89' lang='lat' dir='ltr'>et</span> <span class='ocrx_word' id='word_1_413' title='bbox 1308 3703 1489 3786; x_wconf 81' lang='lat' dir='ltr'>paulo</span> <span class='ocrx_word' id='word_1_414' title='bbox 1514 3720 1682 3780; x_wconf 86' lang='lat' dir='ltr'>ante,</span> <span class='ocrx_word' id='word_1_415' title='bbox 1704 3703 2023 3786; x_wconf 76' lang='lat' dir='ltr'>adquisita.)</span> <span class='ocrx_word' id='word_1_416' title='bbox 2042 3705 2356 3784; x_wconf 66' lang='lat' dir='ltr'>acquirenda</span> <span class='ocrx_word' id='word_1_417' title='bbox 2385 3721 2502 3766; x_wconf 87' lang='lat' dir='ltr'>ms.</span> <span class='ocrx_word' id='word_1_418' title='bbox 2528 3712 2580 3767; x_wconf 75' lang='lat' dir='ltr'>c:</span> 
     </span>
     <span class='ocr_line' id='line_1_42' title="bbox 660 3782 2572 3867; baseline 0.001 -23"><span class='ocrx_word' id='word_1_419' title='bbox 660 3796 811 3844; x_wconf 82' lang='lat' dir='ltr'>cum·</span> <span class='ocrx_word' id='word_1_420' title='bbox 834 3783 965 3844; x_wconf 88' lang='lat' dir='ltr'>edd.</span> <span class='ocrx_word' id='word_1_421' title='bbox 1033 3786 1321 3865; x_wconf 68' lang='lat' dir='ltr'>quaerenda</span> <span class='ocrx_word' id='word_1_422' title='bbox 1356 3802 1510 3847; x_wconf 88' lang='lat' dir='ltr'>unus</span> <span class='ocrx_word' id='word_1_423' title='bbox 1531 3785 1662 3849; x_wconf 73' lang='lat' dir='ltr'>Par.</span> <span class='ocrx_word' id='word_1_424' title='bbox 1683 3784 1736 3846; x_wconf 80' lang='lat' dir='ltr'>b.</span> <span class='ocrx_word' id='word_1_425' title='bbox 1813 3786 1853 3846; x_wconf 87' lang='lat'>1.</span> <span class='ocrx_word' id='word_1_426' title='bbox 1881 3803 1906 3846; x_wconf 78' lang='grc' dir='ltr'><strong><em>ι</em></strong></span> <span class='ocrx_word' id='word_1_427' title='bbox 1923 3804 1973 3849; x_wconf 83' lang='grc' dir='ltr'>ι.</span> <span class='ocrx_word' id='word_1_428' title='bbox 1997 3785 2222 3867; x_wconf 76' lang='lat' dir='ltr'>quaeris.</span> <span class='ocrx_word' id='word_1_429' title='bbox 2263 3782 2362 3846; x_wconf 84' lang='lat' dir='ltr'>Sic</span> <span class='ocrx_word' id='word_1_430' title='bbox 2399 3783 2572 3865; x_wconf 83' lang='lat' dir='ltr'>opti-</span> 
     </span>
     <span class='ocr_line' id='line_1_43' title="bbox 657 3865 2574 3953; baseline 0.001 -26"><span class='ocrx_word' id='word_1_431' title='bbox 657 3879 801 3931; x_wconf 78' lang='lat' dir='ltr'>mus</span> <span class='ocrx_word' id='word_1_432' title='bbox 820 3880 1025 3929; x_wconf 75' lang='lat' dir='ltr'>noster·</span> <span class='ocrx_word' id='word_1_433' title='bbox 1054 3884 1169 3929; x_wconf 83' lang='lat' dir='ltr'>ms.-</span> <span class='ocrx_word' id='word_1_434' title='bbox 1192 3889 1250 3930; x_wconf 82' lang='lat' dir='ltr'>a.</span> <span class='ocrx_word' id='word_1_435' title='bbox 1270 3881 1497 3936; x_wconf 80' lang='lat' dir='ltr'>exserte</span> <span class='ocrx_word' id='word_1_436' title='bbox 1515 3866 1544 3948; x_wconf 96' lang='lat'>(</span> <span class='ocrx_word' id='word_1_437' title='bbox 1563 3881 1634 3935; x_wconf 86' lang='lat' dir='ltr'>ut</span> <span class='ocrx_word' id='word_1_438' title='bbox 1659 3865 1846 3953; x_wconf 77' lang='lat' dir='ltr'>solet)</span> <span class='ocrx_word' id='word_1_439' title='bbox 1861 3867 2092 3934; x_wconf 79' lang='lat' dir='ltr'>duabus</span> <span class='ocrx_word' id='word_1_440' title='bbox 2109 3865 2289 3930; x_wconf 79' lang='lat' dir='ltr'>literis</span> <span class='ocrx_word' id='word_1_441' title='bbox 2305 3888 2373 3927; x_wconf 81' lang='lat' dir='ltr'>ae</span> <span class='ocrx_word' id='word_1_442' title='bbox 2389 3865 2574 3950; x_wconf 78' lang='lat' dir='ltr'>diph-</span> 
     </span>
    </p>
   </div>
   <div class='ocr_carea' id='block_1_5' title="bbox 2707 624 2716 1429">
    <p class='ocr_par' dir='ltr' id='par_1_7' title="bbox 2707 624 2716 1429">
     <span class='ocr_line' id='line_1_44' title="bbox 2707 624 2716 1429; baseline 0 0"><span class='ocrx_word' id='word_1_443' title='bbox 2707 624 2716 1429; x_wconf 95' lang='lat' dir='ltr'> </span> 
     </span>
    </p>
   </div>
  </div>
 </body>
</html>
