2759 4825
625 422 745 487 260
1168 414 1214 479 Ρ
1254 415 1311 480 R
1355 415 1415 478 A
1456 416 1504 479 Ε
1549 415 1597 480 F
1638 417 1697 482 A
1735 416 1798 479 T
1839 416 1870 481 1
1909 414 1996 489 O.

624 580 871 626 torumt
898 556 976 620 in
1006 554 1229 641 quibus
1260 572 1410 619 cum
1450 538 1669 619 eodem
1707 566 1920 620 nostro
1959 555 2100 622 cod.
2127 580 2181 621 a.
2227 528 2381 643 (cui
2415 578 2556 625 rur·-

496 650 515 661 ’
622 674 729 719 sus
768 656 832 716 in
866 654 985 715 hoc
1022 667 1247 731 genere
1288 648 1650 733 frequenter
1693 648 2098 734 suffragantes
2137 653 2290 717 alios
2333 655 2556 739 depre-

622 745 852 827 hendi)
877 744 1113 808 literam
1146 764 1224 817 n,
1256 761 1422 825 quae
1457 760 1535 805 ex
1559 741 1808 824 vulgata
1837 742 2140 806 scribendi
2169 746 2412 808 ratione
2444 763 2556 809 aut

622 843 690 904 in
724 838 996 923 proxime
1032 851 1388 918 sequentem
1425 850 1756 899 consonam
1793 851 1902 898 aut
1933 836 1996 897 in
2037 860 2087 898 m
2123 856 2439 915 mutatur,
2482 840 2556 902 il·

618 932 879 997 libatam·
908 930 1273 1015 plerumque
1322 927 1559 1011 reliqui.
1601 926 1820 1010 ltaque
1869 927 2141 992 inbecillus
2177 932 2430 1016 scripsi,
2481 949 2550 995 et

618 1020 1906 1111 Mgan,in11neoe,ialaboram,inmmsus,
1951 1022 2240 1097 iumento,
2281 1024 2549 1107 inpeefin,

617 1118 872 1203 inpetus,
910 1120 1188 1201 inpomoe,
1232 1116 1465 1200 ἔπρεπε,
1501 1114 1880 1188 inrationalis,
1923 1117 2176 1190 inritare,
2206 1116 2444 1193 oritus,
2483 1134 2552 1181 et

616 1213 680 1279 id
704 1231 892 1297 genus
916 1213 1073 1275 alia
1048 1260 1063 1275 .
1095 1212 1353 1277 subinde
1387 1228 1546 1274 vero
1582 1210 1760 1275 etiam
1777 1256 1798 1286 ‚
1835 1210 2053 1273 eodem
2083 1226 2300 1275 vetere
2319 1212 2550 1277 codice

617 1322 984 1395 praeeunte,
1014 1318 1122 1371 aut
1143 1306 1247 1370 ubi
1266 1306 1402 1369 eius
1435 1303 1768 1369 auctoritas
1790 1322 2040 1388 prorsus
2061 1304 2546 1381 desiderabatur,

616 1398 922 1481 vulgatam
950 1399 1307 1481 scripturam
1342 1399 1599 1479 impetus,
1635 1412 1744 1459 aut
1775 1414 1852 1457 ex
1883 1396 2093 1459 eodem
2121 1414 2349 1481 genere
2369 1400 2549 1461 aliam

614 1492 683 1555 in
732 1490 864 1553 aliis
902 1489 1145 1566 verbis,
1172 1504 1194 1541 ¹
1232 1490 1424 1555 tenui.
1493 1488 1656 1569 Quo
1698 1490 1764 1549 in
1811 1489 2106 1552 universo
2158 1506 2422 1572 genere,
2472 1494 2550 1556 ad

618 1585 949 1655 verborum
970 1598 1138 1648 recte
1152 1583 1616 1649 scribendorum
1651 1582 1949 1645 rationem
1971 1599 2325 1666 spectante,
2351 1587 2402 1648 si
2428 1606 2552 1670 qua

617 1677 832 1742 admisi
848 1696 1007 1763 quae
1026 1678 1223 1741 minus
1245 1676 1579 1762 placuerint
1599 1677 1835 1740 erudito
1861 1676 2141 1753 Lectori,
2159 1693 2269 1741 aut
2285 1680 2336 1742 si
2363 1700 2549 1762 quem

620 1771 877 1833 omnino
910 1788 1046 1834 mea
1076 1772 1141 1833 in
1183 1771 1306 1834 hoc
1338 1788 1562 1854 genere
1605 1767 1931 1833 offenderit
1969 1770 2416 1850 inconstantia5
2465 1788 2552 1837 et-

618 1864 738 1927 iam
770 1878 959 1946 atque
982 1864 1167 1925 etiam
1200 1863 1480 1947 equidem
1518 1862 1700 1932 velim
1718 1908 1739 1940 ,
1783 1880 1856 1926 ut
1884 1865 1950 1927 in
1991 1881 2122 1927 tota
2155 1867 2274 1930 hac
2317 1878 2548 1951 opera,

616 1970 800 2041 quam
846 1956 1152 2019 commodi
1185 1957 1406 2039 publici
1439 1958 1646 2021 studio
1683 1955 1949 2021 Senecae
1974 1960 2230 2033 navavi,
2259 1959 2412 2021 nihil
2442 1961 2550 2023 ad·

616 2045 869 2108 modum
908 2046 1154 2128 gravius
1190 2065 1229 2106 a
1262 2064 1360 2107 me
1399 2062 1720 2129 peccatum
1765 2047 2281 2131 deprehendatur.
2319 2050 2550 2135 Scripsi

614 2136 1047 2219 Argentorati,
1094 2152 1305 2201 mense
1335 2136 1661 2223 Augusto,
1699 2158 1864 2202 anno
1898 2156 1976 2205 st.
2005 2154 2204 2205 neec.
2233 2158 2340 2208 tx.

688 2306 714 2343 ι
748 2289 865 2357 Sic,
889 2300 951 2342 ut
968 2289 1070 2343 hoc
1092 2303 1232 2355 utar,
1252 2288 1411 2345 licet
1389 2309 1528 2361 ηιμ·
1623 2308 1740 2347 men
1765 2294 1985 2359 imperare
2015 2293 2104 2345 ubi
2087 2310 2204 2363 ique
2223 2312 2315 2363 per
2333 2313 2382 2345 m
2407 2294 2546 2355 seri-

619 2372 737 2432 din,
756 2372 994 2438 inponere,
1014 2381 1068 2423 et
1087 2368 1272 2423 similia
1288 2384 1533 2424 constan-
1619 2371 1728 2441 psi,
1743 2368 1922 2428 eodem
1939 2372 2116 2430 codice
2130 2387 2430 2446 praeeunte·

618 2460 700 2505 ter
716 2464 809 2518 per
821 2465 856 2500 a
872 2450 1065 2504 scribat
1078 2448 1240 2506 codex
1257 2461 1447 2514 noster,
1459 2462 1536 2504 τί·

2748 1978 2754 2456 Ι

2489 3169 2746 3858 Ι
