2759 4825
585 384 1405 462 EP1sToLA
1482 390 1648 465 xc
1896 356 1903 362 ’
1996 420 2074 493 13

151 546 556 644 promiscue
589 544 896 633 utenda,
941 560 1331 639 antequam
1379 547 1663 620 avaritia
1690 566 1913 643 atque
1960 548 2103 623 lu·'
2146 639 2150 645 ‚

155 659 348 729 xuria
371 656 836 728 dissociavere
861 656 1216 741 mortaleS‚
1237 672 1314 727 et
1335 656 1427 728 ad
1446 658 1767 751 rapinam
1794 684 1887 730 ex
1908 684 2081 734 con·

155 768 374 841 sortior
397 767 790 840 discurrere
813 817 836 854 ‚
865 791 1018 837 non
1043 784 1242 839 erant
1268 767 1374 839 illi
1396 768 1745 865 sapientes
1768 772 1934 862 viri,
1970 789 2079 845 et·

151 878 346 950 iamsi
368 877 729 949 faciebant
753 873 1070 949 facienda
1105 876 1561 970 sapientibus.
1610 876 1891 955 Statum
1915 885 2080 978 qui-

155 990 322 1061 dem
357 990 636 1087 generis
662 988 962 1061 humani
996 1010 1150 1059 non
1175 988 1397 1059 alium
1428 991 1809 1084 quisquam
1834 1018 2077 1088 suspe-

155 1100 336 1171 xerit
381 1100 644 1197 magi„
684 1119 860 1186 nec,
913 1098 970 1168 si
1005 1098 1123 1168 cui
1166 1100 1535 1193 permittat
1576 1100 1778 1173 Deus
1804 1120 2076 1199 terrena

155 1208 454 1280 formare
479 1222 558 1279 et
599 1207 768 1277 dare
811 1206 1142 1305 gentibus
1181 1231 1454 1294 motez,
1492 1201 1688 1281 aliud
1725 1206 2083 1304 probave-

154 1318 275 1406 rit,
321 1340 550 1409 quam
599 1312 806 1409 quod
863 1314 1062 1408 apud
1115 1314 1274 1387 illos
1327 1314 1539 1389 fuisse
1588 1338 2077 1412 memoratur,

159 1428 348 1522 apud
377 1452 565 1521 quos

349 1580 426 1595 --
475 1582 552 1596 -
598 1582 674 1596 —
707 1541 877 1611 nulli
895 1538 1274 1635 subigebant
1291 1566 1451 1613 arva
1480 1541 1732 1620 coloni.

243 1674 358 1720 nec
383 1654 654 1743 signare
673 1650 926 1747 quidem
952 1666 1069 1720 aut
1081 1654 1329 1749 partiri
1353 1652 1561 1723 limite
1586 1677 1881 1751 campum

224 1758 354 1859 fas
377 1778 564 1830 erat.-
587 1764 658 1830 in
685 1760 965 1829 medium
988 1762 1378 1854 quaerebant
1394 1786 1421 1833 ‚⁰
1440 1764 1708 1859 ipsaque
1731 1763 1925 1833 tellus

241 1874 458 1941 omnia
487 1872 788 1944 liberius,
835 1868 1014 1939 nullo
1047 1886 1346 1967 poscente
1362 1920 1387 1943 0
1398 1868 1685 1966 ferebat.

154 1984 354 2090 Quid
384 1982 772 2081 hominum
797 1986 925 2056 illo
951 2006 1210 2083 genere
1249 1984 1571 2057 felicius?
1608 1985 1695 2055 In
1736 2006 2077 2059 commu·

151 2118 238 2167 ne
275 2122 527 2201 rerum
556 2116 808 2169 natura
855 2095 1274 2169 fruebantur
1285 2122 1307 2189 3
1351 2098 1745 2170 sufficiebat
1782 2100 1945 2185 illa,
1988 2115 2075 2171 ut

150 2228 433 2299 parens,
463 2206 545 2279 in
581 2211 884 2280 tutelam
920 2209 1292 2281 omnium:
1347 2208 1522 2277 haec
1560 2222 1707 2277 erat
1744 2209 2073 2300 publica·
2183 2250 2193 2266 π

149 2340 306 2387 rum
333 2342 570 2414 opum
595 2342 836 2389 secura
859 2317 1213 2410 possessio.
1251 2314 1535 2422 Quidni
1570 2340 1703 2412 ego
1734 2317 1915 2385 inud
1958 2319 2073 2388 lo-

151 2425 712 2518 cupletissimum
737 2425 1148 2496 mortalium
1184 2447 1405 2521 genus
1432 2424 1734 2496 dixerim
1750 2473 1776 2510 ,
1814 2425 1891 2494 in
1918 2449 2071 2518 quo

149 2555 540 2627 pauperem
557 2532 882 2605 invenire
900 2555 1050 2604 non
1063 2533 1343 2626 posses?
1364 2534 1652 2627 Inrupit
1666 2532 1741 2602 in
1762 2555 1867 2608 res
1892 2531 2077 2627 opti·

152 2669 263 2716 me
279 2647 542 2739 positas
571 2644 898 2731 avaritia,
935 2659 1008 2714 et
1024 2693 1046 2730 ‚
1077 2643 1258 2716 dum
1282 2642 1621 2744 seducere
1646 2642 1925 2734 aliquid
1946 2665 2071 2716 cu·

153 2756 255 2850 pit
289 2773 518 2850 atque
545 2755 624 2826 in
651 2780 862 2826 suum
889 2770 1164 2828 vertere
1181 2806 1205 2843 ,
1257 2755 1504 2826 omnia
1536 2752 1705 2824 fecit
1740 2753 1965 2824 aliena
1994 2772 2071 2826 et

154 2868 224 2937 in
259 2883 644 2966 angustum
689 2889 782 2936 ex
819 2865 1179 2936 inmenso*
1193 2861 1513 2953 redacta3
1571 2879 2069 2956 paupertatem

155 2971 388 3042 intulit
410 3023 437 3060 ,
465 2991 577 3061 et,
611 2974 840 3042 multa
875 2971 1457 3065 concupiscendo
1481 3022 1503 3057 ,
1540 2972 1785 3042 omnia
1818 2973 2068 3044 amisit.

154 3080 340 3154 Licet
373 3085 629 3174 itaque
655 3082 828 3152 velit
868 3103 1066 3152 nunc
1111 3102 1571 3168 concurrere,
1628 3095 1703 3150 et
1752 3104 2069 3175 reparare
2172 3143 2176 3147 .

159 3197 360 3288 quod
385 3195 749 3290 perdidit3
789 3195 958 3266 licet
981 3217 1178 3292 agros
1203 3195 1374 3292 agris
1399 3195 1677 3266 adiiciat
1699 3248 1720 3284 ,
1746 3199 2067 3270 vicinum

155 3309 270 3380 vel
301 3309 530 3400 pretio
557 3309 777 3401 pellat
809 3308 980 3377 aeris
1003 3357 1028 3393 ,
1072 3307 1190 3376 vel
1211 3325 1215 3330 ·
1237 3305 1529 3392 iniuria;
1572 3306 1739 3378 licet
1782 3308 1857 3378 in
1884 3327 2068 3402 pro-'-

155 3417 540 3488 vinciar-um
579 3417 890 3512 spatium
927 3436 1087 3488 rura
1122 3412 1369 3487 dilatet
1388 3467 1410 3503 ‚
1448 3411 1523 3486 et
1558 3417 2065 3514 possessionem

155 3545 354 3601 vocet
372 3550 515 3621 ,per
541 3549 662 3596 sua
689 3528 978 3624 longam
1001 3524 1643 3622 peregrinationem
1670 3554 1685 3595 ε
1716 3525 1913 3594 nulla
1934 3543 2066 3594 nos

157 3635 397 3708 finiu'm
419 3635 842 3734 propagatio
875 3657 968 3705 eo
999 3634 1298 3705 reducet
1317 3682 1342 3720 ,
1379 3634 2065 3709 undediscessimus.

154 3747 397 3854 Quum
442 3746 694 3820 omnia
741 3745 1112 3818 fecerimus
1134 3795 1161 3834 ,
1223 3746 1542 3815 multum
1599 3743 2021 3818 habebimus
2042 3771 2065 3816 ε

157 3859 561 3932 uuiversum⁴
575 3855 1031 3932 habebamus.
1057 3855 1278 3928 Terra
1304 3855 1451 3950 ipsa
1472 3853 1765 3926 fertilior
1790 3873 1937 3928 etat
1958 3856 2065 3946 in·
