2759 4825
691 364 810 447 μὴ
993 350 2163 441 ’·ΝοτΑΕιΝεΕΝΕοΑε

615 526 622 543 ·
695 511 884 577 novio
915 524 1214 595 excepto,
1235 508 1491 575 editores
1522 510 1594 573 nd
1632 526 1817 573 unum
1848 526 2075 575 omnes.
2110 506 2417 573 Intacrum
2460 508 2603 575 hunc

699 595 899 657 locum
919 592 1387 676 praetermiserat
1400 590 1727 655 Pincianus.
1740 588 2029 655 Gruterus
2047 608 2123 651 ex
2134 586 2425 653 Palatinis
2440 592 2607 654 codd.

697 675 842 736 nihil
859 692 925 737 se
943 673 1230 737 extricare
1255 672 1517 757 potuisse
1552 670 1853 755 professus
1874 686 1977 733 est.
2004 670 2072 733 ln
2094 670 2191 731 ed.
2214 672 2295 734 A.
2314 690 2453 755 quo
2474 672 2613 735 loco

693 774 906 839 graeca
949 773 1078 817 vox
1094 814 1102 821 ,
1117 754 1260 838 poni
1295 754 1571 817 debuerat
1591 798 1612 829 ,
1656 770 1941 817 vacuum.
1958 770 1987 813 s
2030 750 2217 813 atium
2248 756 2361 815 est.
2406 752 2519 815 Ed.
2536 758 2607 817 R.

693 854 1022 899 monstrum
1050 834 1326 899 vocabuli
1347 833 1723 917 Amympioia
1750 833 1941 895 babet.
2074 848 2451 913 ‚portentosa
2480 834 2612 897 scri·

740 935 874 981 tura
891 934 1100 1000 graeca
1117 958 1140 990 ,
1178 933 1352 999 quam
1380 934 1579 977 noster
1596 934 1704 977 ms.
1733 938 1782 977 c.
1809 913 2082 990 exhibet,
2108 913 2389 995 equidem
2422 915 2617 979 hario-

719 1014 852 1061 atus
877 1016 1038 1061 eram
1079 997 1465 1075 ὄικυτᾶρκοιιι
1504 994 1597 1060 hic
1628 994 1805 1059 scribi
1834 994 2129 1069 debuisse,
2160 996 2327 1075 quod
2366 1012 2613 1059 sonaret

693 1102 812 1141 cum
837 1082 955 1159 quis
981 1101 1088 1141 non
1113 1080 1266 1139 habet
1287 1081 1429 1161 quod
1448 1080 1581 1139 satis
1604 1095 1698 1139 est.
1728 1074 1839 1139 Sed
1870 1076 2147 1158 quoniam
2182 1078 2249 1140 in
2284 1075 2415 1141 suis
2444 1078 2613 1141 codd.

697 1160 1064 1242 opsopoeus
1095 1163 1535 1252 ΑΝΗΤΠΑΡξῙΑ
1564 1178 1629 1223 se
1653 1157 1945 1253 reperisse
1963 1156 2077 1231 ait,
2112 1159 2275 1239 quod
2303 1157 2513 1239 ipsum
2536 1168 2614 1221 et-

697 1242 814 1303 iam
839 1241 901 1305 in
925 1240 1054 1303 aliis
1081 1240 1256 1302 codd.
1285 1237 1467 1302 PariS.
1491 1240 1849 1307 Eminet-icus
1869 1254 2071 1301 noster
2096 1239 2351 1319 reperit,
2384 1240 2614 1301 intelle-

697 1322 758 1385 xi
785 1336 946 1385 recte
971 1339 1008 1382 a
1033 1318 1361 1384 Gronovio
1398 1318 1725 1401 ἀνυπαρξέιι
1761 1320 1821 1383 in
1854 1334 2135 1381 contextu
2162 1320 2437 1401 posit-tm
2468 1340 2609 1395 esse,

695 1404 860 1485 quod
882 1402 1052 1467 unice
1081 1420 1290 1465 verum
1319 1420 1447 1463 erat
1463 1446 1483 1474 ,
1512 1401 1875 1481 denotatquc
1905 1399 2185 1481 defletum,
2215 1401 2348 1463 sive
2388 1402 2477 1463 im
2516 1402 2603 1463 lo-

741 1484 803 1547 ui
825 1483 997 1560 licet,
1025 1483 1306 1547 carentiam
1322 1480 1425 1545 τῆς
1454 1478 1782 1562 ὑπάρξεως,
1819 1483 1859 1544 i.
1880 1502 1935 1545 e.
1954 1484 2025 1543 ni
2036 1479 2351 1563 flmifiaris.
2380 1481 2609 1563 (Cotus.

697 1504 898 1627 Iaexic.
936 1582 1202 1627 nostrum
1235 1561 1448 1642 Polyb.
1488 1578 1629 1626 voc.
1674 1556 1988 1644 ὕπαρξις.)
2026 1563 2245 1644 Figura
2268 1580 2479 1632 amem
2520 1564 2611 1625 illa

703 1652 752 1707 H
768 1692 788 1721 ,
809 1662 966 1725 quae
986 1645 1126 1709 loco
1159 1642 1368 1706 tertiae
1403 1644 1607 1707 literae
1640 1645 1881 1725 ponitur
1904 1644 1964 1705 in
1990 1644 2215 1720 mss-tis,
2248 1662 2433 1727 quam
2458 1662 2617 1706 cam·

695 1727 836 1789 dem
867 1743 1077 1790 noster
1112 1726 1288 1789 etiam
1325 1728 1469 1808 Arg.
1490 1748 1537 1789 c.
1580 1727 1884 1799 servavit,
1925 1743 2049 1787 non
2080 1725 2311 1787 literam
2352 1748 2386 1789 n
2418 1726 2612 1799 valet,

701 1825 772 1871 ut
813 1806 1180 1889 opsopoeus
1211 1806 1649 1871 existimaverat
1662 1852 1685 1882 ,
1728 1822 1944 1873 temere
1980 1806 2095 1867 huc
2128 1806 2475 1882 invectam;
2514 1807 2613 1867 sed

702 1906 829 1951 nota
851 1906 940 1954 cst
960 1889 1328 1971 adspirationis
1350 1906 1486 1951 cum
1508 1906 1629 1971 qua
1644 1888 2012 1973 pronuntiari
2030 1887 2257 1951 vocalis
2271 1894 2323 1948 ‘r
2352 1887 2613 1951 debebat.

1149 2061 1199 2124 E
1236 2058 1280 2122 P
1317 2060 1348 2123 Ι
1386 2060 1427 2122 S
1466 2060 1547 2123 T.
1616 2057 2169 2125 LXXXVIII.

730 2253 743 2263 .
785 2200 960 2261 Pac.
983 2217 1116 2279 35²·
1145 2200 1188 2261 l.
1222 2222 1262 2275 4
1291 2219 1380 2282 sq.
1402 2201 1706 2283 praeparent
1725 2234 1763 2249 -
1779 2200 2092 2263 -detimat
2117 2200 2333 2267 dedere
2370 2217 2509 2266 vett.
2536 2201 2619 2265 li-

703 2279 818 2343 bri.
847 2280 1056 2363 Vulgo
1085 2300 1401 2364 praeparant
1426 2312 1457 2331 -
1472 2314 1505 2329 -
1528 2284 1767 2347 detinent.

787 2362 957 2424 Pac.
995 2380 1132 2445 353.
1172 2364 1210 2424 1.
1257 2384 1328 2446 ¹9
1363 2382 1453 2445 sq.
1490 2364 1656 2446 quia
1692 2362 1869 2428 omnia
1904 2366 2085 2426 stiae.
2138 2364 2257 2429 cui
2282 2364 2487 2428 »omnia
2518 2362 2618 2426 in·-

704 2437 871 2505 suut‘
903 2444 991 2505 ed.
1019 2443 1210 2506 Gron.
1243 2459 1304 2506 et
1331 2463 1496 2540 seqq.
1528 2464 1562 2507 e
1584 2443 1883 2508 nonnullis
1920 2444 2097 2510 Grut.
2116 2445 2298 2509 codd.
2382 2449 2428 2510 l.
2448 2446 2617 2527 αδδς.

700 2548 774 2584 an
813 2525 1036 2586 minor
1061 2525 1283 2588 Hecuba
1289 2521 1462 2666 §aaut
1472 2569 1493 2597 ‚
1515 2549 1667 2608 quam
1689 2528 1917 2589 Helena.
1947 2527 2043 2590 Sic
2060 2527 2149 2589 ed.
2163 2530 2235 2588 R.
2257 2525 2618 2593 Tarvrven.

703 2623 774 2699 et=
785 2604 914 2666 dein
943 2623 1145 2668 rursus
1171 2605 1258 2666 ed.
1367 2625 1458 2700 ur.
1487 2624 1731 2703 etpeqq.
1754 2627 1889 2670 cum
1910 2625 2057 2678 mss.
2080 2607 2203 2670 Par.
2224 2625 2289 2670 et
2312 2607 2619 2703 Gruteria-

701 2685 2624 2832 {335252‘2331‘1;ss‡.{”5432.¹322‡22222‡23.3.”0235.‘02253

701 2845 1018 2927 Hec.suerit
1038 2864 1160 2910 vet.
1177 2845 1450 2910 cod.1ur.
1500 2850 1611 2913 Sed
1635 2867 1892 2946 praestat
1921 2873 1993 2912 an
2022 2852 2193 2912 minor
2205 2874 2233 2924 ;
2257 2851 2525 2928 scilicet,
2554 2869 2621 2912 an

701 2947 916 2993 verum
960 2929 1036 2991 sit
1069 2929 1234 3010 quod
1277 2927 1665 3002 Grammatic1
1700 2930 2001 3006 nonnulli,
2026 2931 2373 3005 Homerum
2422 2951 2451 2993 r
2533 2951 2624 2994 re·

703 3007 1064 3081 hendenteS,
1107 3011 1475 3073 contendunt
1495 3057 1515 3086 ‚
1551 3013 1859 3075 Hecubam
1885 3013 2109 3094 (quam
2148 3030 2397 3076 socrum
2415 3074 2434 3082 ,
2506 3013 2623 3075 ele-

703 3107 816 3150 nae
850 3089 1156 3152 Homerus
1186 3088 1372 3172 facit)
1414 3089 1595 3156 fuisse
1630 3110 1823 3158 aetate
1850 3095 2136 3156 minorem
2154 3112 2337 3172 quam
2360 3093 2593 3156 Helena
2602 3113 2625 3168 ;

705 3169 1182 3262 quandoquidem
1198 3169 1423 3232 Helena
1444 3175 1700 3256 primum
1740 3175 1977 3238 Theseo
2012 3172 2219 3235 fuisset
2255 3187 2485 3256 nupta,
2526 3174 2624 3256 qui

701 3249 978 3312 Herculis
1003 3249 1197 3311 fuerat
1211 3252 1486 3332 aequalis.
1532 3253 1754 3335 (Conf.
1790 3255 2031 3319 Luciani
2066 3251 2372 3316 Somnium
2406 3273 2459 3317 s.
2481 3254 2626 3318 Gal-

575 3381 578 3386 .
704 3328 830 3394 lum
851 3376 872 3404 ‚
894 3349 947 3394 c.
975 3349 1068 3410 ¹7·
1095 3327 1178 3394 T.
1209 3329 1316 3393 VI.
1337 3333 1487 3398 edit.
1506 3333 1639 3416 Bip.
1674 3355 1805 3433 pag.
1831 3355 1897 3419 3¹
1912 3335 2009 3418 5.)
2046 3335 2106 3397 N
2110 3353 2225 3398 unc
2252 3335 2465 3398 adiicit
2494 3336 2627 3400 No-

707 3430 862 3487 ster,
897 3434 1052 3494 quart
1078 3428 1188 3474 eam
1227 3413 1360 3476 male
1390 3415 1647 3476 contu!
1664 3434 1804 3492 ent
1835 3435 2057 3479 aetatem
2064 3440 2093 3492 ,·
2128 3416 2357 3480 scilicet
2379 3462 2404 3492 ,
2441 3435 2627 3498 quare

705 3499 827 3556 tam
869 3493 1022 3557 male
1059 3495 1366 3558 Homerus
1398 3513 1650 3560 aetatem.
1686 3497 1945 3560 Helenae
1975 3514 2039 3560 >et
2077 3496 2368 3560 Hecubae
2404 3512 2629 3562 contu-

707 3575 876 3651 lerit,
914 3575 1187 3658 adeoque
1233 3576 1501 3656 putidum
1534 3577 1833 3641 admiserit
1870 3579 2405 3660 anachronismum.
2465 3577 2629 3641 Istud

709 3656 979 3718 contulerit
1019 3673 1098 3718 ex
1121 3656 1216 3720 ed.
1237 3659 1311 3720 R.
1341 3659 1667 3726 revocavi:
1704 3679 1817 3742 pro
1849 3677 1977 3742 quo
2012 3677 2195 3742 quum
2224 3659 2322 3720 alii
2348 3659 2493 3722 libri
2514 3677 2628 3721 nu-

709 3736 848 3796 dum
892 3737 1138 3800 verbum
1174 3739 1344 3798 tulerit
1375 3738 1679 3822 ,dedissent
1700 3787 1721 3815 ‚
1776 3739 1891 3809 hoc
1928 3756 2166 3822 recepto
2200 3738 2485 3802 Erasmus
2526 3757 2627 3802 sua

711 3817 1066 3894 auctoritate,
1077 3819 1421 3902 particulam
1442 3836 1492 3882 et
1511 3821 1843 3902 praemisit,
1878 3839 2059 3906 quam
2089 3819 2290 3883 nullus
2321 3837 2513 3884 vetus
2528 3839 2625 3886 co·

1390 4004 1428 4044 *l
