2759 4825
681 385 776 464 80
1065 378 1147 453 L.
1195 375 1641 454 ANNAEI
1686 371 2205 468 SENECAE
2262 321 2310 380 ⁴

678 547 881 642 qu'it,
921 543 1401 643 praesidium'a
1440 542 1614 612 nobis
1644 542 1957 639 petebatis
1982 547 2027 611 Ρ
2070 565 2195 616 απ.
2232 561 2311 610 ne
2348 538 2608 609 nummi

676 659 850 733 vobis
882 657 1336 753 eriperentur?
1382 651 1574 722 Inter
1602 652 1731 720 hos
1762 668 2003 721 tamen
2035 651 2266 735 iocOS,
2309 649 2603 742 inpune

674 765 844 837 tulit
865 777 1030 833 ante
1053 759 1401 831 iudicium
1434 758 1759 845 adulter,
1788 759 1865 828 in
1896 756 2165 830 iudicio
2192 759 2402 854 len03
2458 759 2604 849 qui
2662 798 2685 813 κ

675 872 1213 945 damnationem
1239 867 1441 959 peius
1465 864 1712 961 effugit
1733 916 1756 954 ,
1791 889 2009 958 quarn
2038 864 2320 938 meruit.
2351 866 2601 971 Quid-

673 1011 922 1103 quam
943 981 1149 1052 fuisse
1179 977 1581 1074 corruptius
1612 976 1747 1046 iuis
1784 976 2105 1049 moribus
2128 976 2385 1064 credie,
2428 979 2603 1070 qui·

670 1096 807 1168 bus
833 1077 1061 1164 libido
1089 1111 1243 1159 non
1273 1087 1473 1156 sacris
1500 1083 1845 1171 inhiberi,
1892 1107 2044 1154 non
2076 1082 2351 1154 iudiciis
2374 1101 2598 1176 pote-

669 1223 810 1292 rat3
845 1197 1152 1296 quibus
1137 1222 1209 1269 m
1245 1223 1322 1268 ea
1353 1198 1500 1291 ipsa
1526 1197 1982 1290 quaestione,
2018 1219 2207 1288 quae
2234 1212 2429 1268 extra
2471 1219 2597 1266 or·-

671 1313 916 1387 dinem
955 1309 1562 1380 senatusconsulto
1590 1305 2091 1393 exercebatur,
2118 1306 2314 1410 plus,
2360 1329 2592 1398 quarn

669 1420 1166 1517 quaerebatur,
1187 1415 1569 1486 admissum
1594 1416 1741 1484 est?
1772 1415 2288 1518 Quaerebantur,
2304 1439 2393 1486 an
2420 1433 2595 1536 poet

667 1526 1098 1603 adulterium
1123 1519 1376 1616 aliquis
1402 1536 1634 1614 posset
1655 1537 1851 1591 tutus
1881 1545 2023 1592 esse
2038 1545 2062 1608 ς,
2088 1520 2415 1614 adparuit
2433 1571 2459 1608 ,
2492 1521 2595 1592 si-

665 1661 764 1712 ne
783 1633 1138 1706 adulterio
1155 1647 1403 1704 tutum
1424 1655 1565 1701 esse
1586 1653 1734 1700 non
1750 1655 1965 1725 posse.
1996 1631 2159 1703 Hoc
2177 1631 2361 1703 inter
2378 1632 2595 1703 Pom·

648 1747 918 1842 ’peiurn
955 1757 1030 1813 et
1073 1739 1484 1826 Caesarem,
1514 1733 1699 1810 inter
1736 1737 2156 1810 Ciceronem
2190 1739 2590 1812 Catonem-

667 1880 817 1962 que
845 1853 1302 1925 commissum
1338 1866 1473 1934 est,
1510 1847 1862 1922 Catonem
1884 1897 1911 1939 ,
1946 1851 2277 1944 in‘quam,
2322 1851 2533 1922 illum
2558 1901 2587 1940 ,

667 1985 822 2056 quo
847 1959 1138 2032 sedente
1180 1961 1495 2051 populus
1538 1977 1831 2055 negatur
1876 1961 2258 2052 permisisze
2284 1961 2417 2062 sibi
2444 1985 2591 2054 po-

663 2071 920 2141 stulare
965 2067 1265 2136 Florales
1306 2065 1501 2136 iocos
1546 2067 2050 2140 nudandarum
2094 2059 2581 2142 meretricum.

665 2177 909 2251 Credis
933 2195 1268 2271 spectasse
1300 2193 1476 2248 tunc
1500 2177 1803 2250 severius
1830 2178 2194 2269 homines,
2224 2204 2447 2274 quam
2475 2182 2589 2251 iu·-

663 2287 968 2360 dicasse?
1017 2285 1116 2358 -Et
1149 2285 1368 2372 fient,
1410 2302 1483 2357 et
1528 2285 1707 2358 facta
1752 2287 1875 2358 ista
1924 2303 2253 2360 sunt:·et
2298 2290 2589 2362 licentia

663 2398 1002 2483 urbium,
1054 2393 1443 2488 aliquando
1492 2393 1857 2488 disciplina
1901 2385 2319 2491 metuque,
2362 2422 2587 2471 num-

575 2513 578 2517 ’
664 2498 886 2601 quam
913 2521 1169 2599 sponte
1185 2557 1207 2591 ,
1231 2504 1572 2577 considet.
1604 2506 1775 2576 Non
1801 2524 1901 2577 est
1926 2505 2172 2599 itaque
2194 2508 2403 2601 quod
2426 2527 2589 2581 cre-¹

663 2616 783 2685 das
801 2666 823 2702 ,
859 2638 1053 2685 nunc
1075 2614 1473 2707 plurimum
1498 2614 1788 2683 libidini
1819 2614 2238 2707 permissum
2264 2640 2443 2703 ess-e,
2476 2620 2585 2689 le·

658 2726 868 2825 gibus
911 2724 1316 2796 minimum.
1359 2724 1607 2823 Longe
1646 2726 1840 2797 enim
1883 2726 2217 2827 frugalior
2258 2728 2427 2799 haec
2462 2727 2584 2801 iu·-

659 2853 956 2923 ventuS,
993 2859 1211 2929 quam
1248 2835 1401 2921 illa,
1444 2852 1547 2905 est
1574 2886 1596 2922 ,
1649 2860 1883 2927 quum
1930 2860 2091 2907 reus
2128 2836 2579 2909 adulterium

657 2945 858 3038 apud
883 2945 1149 3015 iudices
1171 2960 1456 3040 negaret
1473 2993 1496 3030 ,
1524 2943 1791 3015 iudices
1816 2945 2013 3039 apud
2038 2968 2243 3017 reum
2268 2944 2583 3017 confite·-

657 3073 942 3134 rentur:
994 3079 1228 3147 quum
1269 3073 1601 3149 stuprum
1644 3056 2216 3129 committeretur
2254 3058 2357 3129 rei
2381 3058 2587 3130 iudi-

657 3166 925 3239 candae.
947 3187 1192 3251 caus-‘225
1237 3152 1473 3259 quum
1502 3168 1797 3240 Clodius
1830 3166 2081 3239 iisdem
2113 3169 2298 3243 vitiis
2321 3171 2589 3269 gratio-

653 3300 808 3362 sus,
833 3274 1098 3367 quibus
1114 3298 1408 3364 nocens,
1428 3278 1915 3349 conciliaturas
1938 3297 2296 3359 exerceret
2321 3283 2395 3353 in
2424 3282 2583 3375 ipsa

655 3406 902 3459 causae
941 3382 1272 3453 dictione.
1321 3384 1579 3455 Credat
1606 3376 1749 3455 hoc
1794 3385 2230 3480 quisquam?
2282 3390 2411 3481 qui
2450 3389 2585 3459 da-

653 3490 1036 3564 mnabatur
1064 3513 1214 3563 uno
1239 3488 1597 3563 adulterio
1614 3542 1637 3579 ,
1670 3494 2035 3567 absolutus
2068 3510 2173 3565 est
2195 3494 2479 3565 multis!

753 3601 1002 3672 Omne
1029 3618 1318 3694 tempus
1340 3590 1667 3690 Clodioa'a,
1714 3627 1867 3674 non
1890 3628 2109 3675 omne
2136 3604 2442 3677 Catones
2470 3604 2581 3678 fe-

654 3728 781 3780 ret.
807 3711 925 3782 Ad
951 3712 1300 3785 deteriora
1326 3712 1558 3784 faciles
1584 3735 1827 3787 sumus
1845 3764 1868 3803 ‚
1902 3717 2069 3809 quia
2092 3737 2227 3786 nec
2252 3714 2415 3787 dux
2435 3740 2585 3811 po·

655 3834 789 3891 test
805 3871 832 3911 ,
853 3844 987 3896 nec
1012 3848 1252 3899 comes
1273 3822 1542 3901 deesse:
1586 3841 1659 3899 et
1682 3848 1789 3901 res
1814 3826 2027 3899 etiam
2052 3822 2201 3921 ipsa
2240 3822 2393 3900 sine
2436 3824 2591 3899 du-
