2759 4825
638 361 1853 476 EPISTQLAXCIX.
2108 398 2198 471 9¹

252 527 358 600 in
411 553 692 602 arenam
749 530 1032 625 luxuria
1081 531 1382 622 proiecit
1410 557 1431 618 3
1482 531 1765 624 adspice
1820 530 1979 602 illos
2002 582 2024 619 ,
2073 532 2203 624 qui
2257 574 2267 582 -

251 660 472 710 suam
497 639 954 732 alienamque
979 637 1352 709 libidinem
1396 657 1767 730 exercent,
1801 657 2067 710 mutuo
2095 641 2207 711 in-

251 745 558 842 pudici3
586 772 903 842 quorum
937 748 1175 819 nullus
1199 747 1349 818 sine
1374 748 1748 837 ebrietate,
1778 751 2021 820 nullus
2050 731 2215 822 sine·

252 859 520 950 aliquo
545 859 802 957 insigni
829 857 1094 956 flagitio
1121 856 1268 928 dies
1291 859 1481 928 exit=
1524 863 1682 953 plus
1720 859 1953 931 timeri
1982 885 2205 952 quam

254 967 528 1060 sperari
554 966 868 1060 potuisse
892 1017 914 1053 ,
949 963 1403 1037 manifestum
1426 967 1576 1038 erit.
1624 967 1795 1040 Non
1833 967 2047 1038 debes
2070 968 2205 1040 ita-

259 1099 422 1166 que
447 1099 684 1147 causas
708 1074 974 1146 doloris
999 1096 1331 1148 arcessere
1351 1128 1374 1164 ‚
1422 1101 1557 1149 nec
1589 1079 1769 1148 levia
1804 1078 2207 1152 incommo-

257 1183 362 1253 da
385 1184 836 1282 indignando
863 1187 1246 1255 cumulare.
1282 1185 1356 1256 N
1361 1209 1457 1254 on
1488 1185 1738 1257 hortor
1758 1237 1780 1273 ,
1814 1203 1898 1257 ut
1924 1187 2203 1272 nitaris,

253 1305 344 1362 et
372 1316 637 1389 surgas:
677 1317 830 1364 non
859 1307 1006 1362 tam
1047 1295 1232 1363 male
1268 1293 1358 1363 de
1384 1310 1457 1364 te
1481 1294 1723 1364 iudico
1746 1345 1767 1380 ‚
1798 1316 1882 1364 ut
1907 1293 2041 1365 tibi
2072 1295 2206 1366 ad-

259 1422 508 1488 versus
545 1403 687 1474 hoc
727 1418 955 1473 totam
1005 1419 1259 1496 putem
1306 1405 1643 1476 virtutem
1682 1403 2197 1476 advocandam}

259 1505 454 1580 Non
473 1526 572 1578 est
593 1506 804 1580 dolor
833 1507 960 1580 iste
985 1559 1008 1596 ‚
1034 1508 1156 1582 sed
1186 1535 1493 1582 morsus:
1530 1527 1613 1582 tu
1638 1511 1843 1582 illum
1869 1509 2201 1586 dolorem

255 1615 458 1687 facis·
515 1615 685 1686 Sine
728 1615 958 1716 dubio
1010 1620 1326 1688 multum
1362 1617 1817 1712 Philosophia
1857 1619 2201 1712 profecit,

255 1725 320 1796 si
351 1749 660 1850 puerum
682 1778 704 1813 ‚
749 1729 1009 1798 nutrici
1041 1726 1277 1799 adhuc
1321 1751 1541 1821 quam
1574 1727 1756 1822 patri
1788 1729 2199 1816 notiorem,

263 1837 515 1907 animo
554 1835 718 1906 forti
749 1835 1132 1908 desideras!
1169 1844 1224 1886 “

365 2001 422 2037 „
438 1949 696 2056 Quid?
740 1973 940 2022 nunc
975 1973 1140 2058 ergo
1171 1947 1505 2020 duritiam
1536 1947 1844 2037 suadeo,
1890 1967 1961 2020 et
1986 1945 2061 2019 in
2086 1945 2202 2019 fu-

257 2078 446 2130 nere
471 2061 624 2153 ipso
649 2061 869 2155 rigere
893 2061 1177 2131 vultum
1205 2061 1420 2147 volo,
1450 2077 1519 2130 et
1547 2059 1869 2130 animum
1898 2082 1991 2128 ne
2020 2081 2197 2128 con·-

259 2171 449 2244 trahi
499 2171 802 2264 quidem
852 2172 1126 2264 patior?
1179 2171 1519 2242 Minime!
1568 2169 2054 2242 Inhumanitas
2090 2182 2195 2238 est

259 2283 436 2370 ista,
482 2305 637 2353 non
683 2283 940 2369 virtue,
989 2281 1237 2354 funera
1293 2305 1587 2353 suorum
1630 2279 1879 2350 iisdem
1938 2278 2203 2365 mulie,

269 2394 534 2485 quibus
563 2394 785 2487 ipsos,
818 2393 1093 2480 videre,
1127 2417 1260 2465 nec
1293 2389 1738 2462 commoveri
1773 2388 1863 2459 ad
1884 2389 2200 2483 „primam

261 2499 717 2577 familiarium
749 2500 1246 2571 divulsionem.
1286 2498 1467 2569 Puta
1492 2514 1735 2569 autern
1766 2522 1887 2567 me
1917 2509 2196 2582 vetare3

263 2612 628 2703 quaedam
652 2630 814 2683 sunt
833 2612 938 2683 sui
964 2612 1167 2683 iuris:
1205 2609 1547 2681 excidunt
1578 2609 1788 2679 etiam
1806 2603 2196 2678 'retinenti-

265 2719 400 2790 bus
429 2721 799 2807 lacrimae,
844 2736 915 2790 et
957 2722 1279 2790 animum
1321 2718 1646 2811 profusae
1690 2718 1944 2786 levant.
1988 2712 2194 2816 Quid

265 2852 430 2925 ergo
471 2830 624 2899 est?
666 2829 1166 2899 Permittamus
1213 2826 1344 2895 illis
1382 2824 1668 2910 cadere,
1712 2847 1861 2891 non
1891 2822 2200 2911 impere-

271 2958 459 3006 mus:
490 2934 668 3005 fluat
699 2950 1052 3029 quantum
1086 2933 1407 3004 adfectus
1438 2930 1717 3001 eiecerit
1736 2981 1759 3017 ‚
1792 2950 1938 2998 non
1968 2950 2202 3019 quan·

265 3062 424 3115 tum
451 3062 703 3137 poscet
743 3043 1065 3115 imitatio.
1113 3042 1315 3112 Nihil
1360 3065 1529 3113 vero
1574 3038 1881 3109 moerori
1918 3035 2201 3105 adiicia-

273 3176 464 3239 mus„
490 3175 624 3225 nec
653 3154 857 3223 illum
885 3152 976 3223 ad
1005 3152 1316 3222 alienum
1349 3173 1729 3247 augeamus
1760 3147 2196 3239 exemplum.

273 3256 442 3330 Plus
467 3261 844 3331 ostentatio
885 3259 1148 3331 doloris
1175 3258 1431 3355 exigit,
1466 3278 1687 3349 quam
1716 3254 1920 3323 dolor
1948 3282 1961 3321 :
2011 3274 2201 3343 quo·-

270 3370 690 3463 tusquisque
716 3370 849 3441 sibi·
869 3367 1078 3440 tristis
1107 3366 1259 3439 est?
1291 3367 1596 3451 Clarius,
1636 3386 1871 3457 quum
1896 3361 2200 3434 audiun·

269 3488 422 3565 tur,
447 3494 792 3577 gemunt3
835 3496 945 3566 et,
989 3477 1180 3548 taciti
1213 3475 1593 3567 quietique
1634 3473 1812 3543 dum
1850 3485 2201 3540 secretum

274 3605 408 3675 est,
442 3614 688 3683 quum
725 3590 1004 3682 aliquos
1043 3588 1287 3661 videre
1315 3636 1340 3673 ‚
1390 3586 1464 3655 in
1506 3582 1713 3655 fletus
1748 3603 1975 3650 novos
2009 3579 2201 3648 exci-

272 3714 524 3769 tantur.
553 3699 770 3773 Tunc
783 3698 990 3792 capiti
1009 3720 1138 3767 suo
1161 3720 1409 3765 manus
1431 3695 1805 3789 ingerunt3
1841 3684 2046 3780 quod
2070 3711 2203 3779 po-

273 3807 553 3883 tuerant
595 3807 866 3900 facere,
903 3810 1110 3881 nulio
1141 3806 1615 3903 prohibente,
1638 3800 1979 3873 liberius:
2024 3816 2201 3871 tunc
