2759 4825
645 357 1447 436 EPISTOLA
1524 361 1762 435 CIL·
1920 388 2125 469 ⁸111

191 527 306 597 do
333 525 692 616 mollique
722 523 1047 596 fomento
1075 525 1405 597 emissum
1436 524 1726 596 adflavit
1754 548 1921 598 aura
1948 528 2129 599 libe-³

191 637 386 720 rior,
432 633 704 703 deinde
729 633 1034 703 offendit
1071 634 1292 704 durae
1317 657 1567 702 manus
1598 651 1853 719 tactus3
1890 649 2132 706 tener-

196 768 344 837 que
369 743 618 814 adhuc
639 794 660 828 ,
699 761 770 812 et
796 734 1060 814 nullius
1095 745 1196 813 rei
1230 767 1517 840 gnarus,
1556 743 1985 836 obstupuini
2023 743 2128 814 in-

193 871 311 929 ter
329 853 598 950 ignota.
641 852 859 922 Nunc
884 851 1018 921 tibi
1045 875 1196 922 non
1223 873 1328 923 est
1351 875 1629 924 novum
1653 902 1676 938 ,
1710 853 2001 944 separari
2034 853 2128 923 ab

195 987 286 1032 eo
307 1013 332 1048 ‚
377 963 588 1032 cuius
611 978 778 1030 ante
807 985 962 1054 pars
984 959 1238 1047 fueris;
1275 987 1510 1054 aequo
1538 961 1778 1033 animo
1806 963 2125 1035 membra
2159 985 2190 1004 ··

197 1071 344 1141 iam
385 1095 832 1165 supervacua
869 1072 1188 1158 dimitte,
1235 1088 1307 1142 et
1345 1069 1534 1142 istud
1560 1095 1817 1163 corpus
1848 1071 2129 1142 inhabi-

199 1195 438 1250 tatum
483 1179 616 1249 diu
651 1203 868 1272 pone.
909 1176 1326 1264 scindetur,
1369 1179 1754 1267 obruetur,
1799 1180 2123 1250 abolebi-

200 1307 344 1362 tur.
369 1289 574 1394 Quid
599 1289 1072 1360 contristaris?
1105 1289 1202 1357 ita
1226 1291 1406 1357 solet
1434 1287 1579 1356 fieri
1607 1289 1620 1356 !
1648 1305 1955 1380 pereunt
1980 1311 2127 1358 sae·

203 1425 308 1494 pe
349 1405 744 1470 velamenta
795 1398 1256 1469 nascentium.
1311 1397 1518 1500 Quid
1556 1396 1680 1468 hta
1710 1398 1804 1468 sic
1844 1396 2071 1493 diligis
2098 1448 2120 1484 ,

205 1512 409 1604 quasi
451 1511 620 1581 tua?
665 1510 806 1579 istis
843 1523 1136 1601 opertus
1178 1507 1282 1576 es!
1318 1505 1586 1578 Veniet
1610 1560 1632 1596 ,
1668 1510 1895 1599 quite
1926 1533 2124 1578 reve-

202 1617 349 1702 let,
407 1615 596 1702 dies,
639 1629 720 1685 et
761 1637 854 1684 ex
891 1612 1375 1684 contubernio
1434 1599 1645 1684 foedi
1682 1628 1900 1705 atque
1944 1604 2121 1684 olidi

204 1724 468 1797 ventris
499 1727 783 1796 educat.

305 1835 500 1903 Hinc
535 1857 733 1904 nunc
771 1855 1074 1925 quoque
1105 1848 1231 1920 tu,
1278 1847 1636 1925 quantum
1666 1846 1916 1925 potes,
1956 1831 2131 1902 sub-

212 1945 402 2029 vola;
433 1942 790 2034 carisque,
825 1943 957 2012 nisi
985 1941 1198 2011 etiam
1225 1941 1653 2026 necessariis,
1688 1942 1899 2034 [sives
1926 1941 2127 2010 caris-

211 2079 356 2145 que
382 2053 600 2122 etiam
629 2071 710 2122 ac
742 2051 1174 2144 necessariis]
1201 2051 1497 2122 cohaere
1524 2067 1608 2121 ut
1647 2049 1933 2120 alienus.
1976 2050 2126 2120 Iam

207 2164 370 2234 hinc
414 2163 624 2232 altius
663 2161 938 2254 aliquid
977 2151 1500 2253 sublimiusque
1550 2159 1915 2231 meditare.
1974 2159 2129 2232 Ali-

213 2272 507 2364 quando
539 2287 827 2350 natutae
851 2268 988 2339 tibi
1023 2293 1266 2339 arcana
1300 2281 1710 2363 retegentur
1730 2316 1751 2352 ,
1796 2265 2128 2336 discutie-

211 2403 330 2457 tur
372 2387 495 2455 ista
511 2383 810 2480 -caligO,
867 2399 937 2454 et
977 2383 1108 2453 lux
1145 2377 1479 2471 undique
1524 2379 1703 2447 clara
1754 2374 2128 2469 percutiet.

209 2501 596 2597 Imaginare
638 2513 917 2581 tecum,
965 2510 1274 2587 quantus
1308 2492 1429 2561 ille
1460 2490 1547 2560 sit
1584 2489 1855 2585 fulgor,
1891 2503 2004 2557 tot
2040 2487 2127 2555 si·

207 2606 492 2678 <letibus
527 2608 714 2676 inter
743 2626 818 2673 se
860 2605 1110 2671 lumen
1157 2595 1637 2669 miscentibus.
1688 2594 1907 2665 Nulla
1952 2618 2131 2665 sere-

207 2738 388 2785 num
415 2712 678 2789 umbra
719 2708 1072 2792 turbabit3
1112 2705 1500 2797 aequaliter
1528 2702 1941 2795 splendebit
1973 2727 2129 2771 om·

208 2844 302 2891 ne
317 2822 508 2891 coeli
523 2822 742 2903 lams3
789 2815 936 2887 dies
969 2831 1040 2885 et
1065 2836 1216 2883 nox
1244 2811 1414 2911 aeris
1451 2809 1681 2878 infimi
1716 2808 1897 2877 vices
1938 2826 2125 2879 sunt.
2206 2900 2215 2907 .

206 2914 428 3005 Tunc
461 2932 540 3001 in
576 2928 888 3005 tenebris
933 2926 1182 2998 vixisse
1227 2941 1302 2994 te
1345 2920 1575 3006 dices,
1617 2943 1853 3011 quum
1893 2934 2126 2991 totam

207 3044 447 3115 lucem
487 3054 680 3111 totus
712 3036 1147 3131 adspexeris3
1188 3056 1411 3127 quam
1450 3052 1648 3103 nunc
1668 3078 1691 3116 ‚
1735 3052 1864 3121 per
1903 3054 2131 3127 angu-

205 3151 526 3222 stissimas
557 3151 938 3222 oculorum
983 3145 1124 3227 vias
1144 3194 1166 3229 ,
1213 3142 1519 3213 obscure
1550 3138 1841 3209 intueris
1866 3185 1889 3225 ,
1926 3156 1997 3209 et
2022 3157 2128 3211 ta·-

209 3283 388 3331 men
416 3259 772 3332 admiraris
815 3258 1008 3327 illam
1033 3254 1171 3322 iam
1205 3251 1482 3343 procul.
1536 3247 1741 3351 Quid
1769 3246 1905 3317 tibi
1932 3246 2131 3319 vide-

207 3374 414 3446 bitur
447 3374 685 3444 divina
716 3376 889 3459 lux,
933 3394 1162 3461 quum
1209 3367 1405 3436 illam
1446 3388 1576 3433 suo
1618 3363 1781 3433 loco
1819 3361 2125 3431 videris?

207 3481 406 3555 Haec
427 3483 767 3579 cogitatio
789 3479 968 3549 nihil
989 3474 1354 3546 sordidum
1386 3472 1633 3543 animo
1650 3468 2019 3539 subsidere
2040 3468 2131 3537 si«.

205 3591 350 3675 nit,
377 3593 558 3662 nihil
586 3590 896 3675 humile,
933 3586 1114 3657 nihil
1143 3582 1454 3655 crudele.
1482 3580 1675 3651 Deos
1698 3603 1935 3649 terum
1972 3606 2129 3651 om·

202 3701 412 3772 nium
453 3724 600 3771 esse
637 3716 846 3773 testes
889 3700 1048 3784 ait3*
1079 3695 1214 3765 iuis
1254 3718 1385 3771 nos
1422 3691 1842 3783 adprobari,
1882 3690 2015 3759 illis
2048 3692 2125 3763 in

202 3800 540 3887 fututum
563 3814 786 3907 patari
807 3812 1008 3885 iubet
1025 3860 1048 3899 ,
1089 3822 1162 3879 et
1175 3804 1659 3881 aetemitatem
1685 3824 2129 3897 proponet-ez
