2759 4825
612 336 747 466 ,294'
1052 374 1433 443 NOTAE
1482 375 1594 441 m
1648 373 2128 443 SENECAE

624 542 751 587 mo.
786 519 859 584 In
880 520 1014 582 Par.
1035 523 1092 583 d.
1126 518 1400 583 scholion
1421 517 1485 581 in
1509 534 1800 582 contextu
1855 516 2125 592 ositum,
2157 517 2339 599 utique
2363 516 2564 581 utilem:

628 606 673 667 ἱ.
698 625 790 667 20.
810 602 1079 665 immerito.
1120 601 1438 665 Potueram
1461 601 1693 663 inmerito
1709 601 1820 663 scri
1863 619 1963 663 ere
1981 620 2116 663 cum
2139 618 2249 661 ms.
2267 602 2318 663 b.
2397 602 2440 663 l.
2461 621 2559 663 21.

620 686 885 769 peccatori
910 686 1059 745 testis
1094 684 1329 746 adsistit.
1382 683 1590 766 Vulgo
1609 685 1903 765 peccaturis
1933 684 2081 743 testis
2110 684 2374 755 assistat,
2403 681 2566 743 invi-

629 767 709 829 tis
740 767 939 829 mestis
964 764 1182 829 nostris
1206 782 1267 827 et
1300 763 1481 829 Paris.
1567 766 1609 825 l.
1633 783 1731 837 24.
1753 787 1862 825 non
1883 784 2130 849 praesens
2153 780 2378 825 tantum.
2409 762 2567 824 Vul-
2669 780 2676 788 ·

630 867 716 931 go
734 872 841 910 non
872 850 1153 928 adspectus
1169 864 1403 919 tannem,
1439 864 1472 908 a
1502 845 1786 921 Mureto,
1812 860 2020 908 contra
2047 846 2322 907 codicum
2350 844 2566 906 fidem=

612 938 851 1011 'nempe
872 929 959 993 sic
993 926 1093 990 ille
1128 926 1434 1011 corrigere
1469 928 1746 991 voluerat
1785 927 2141 989 mendosum
2171 944 2368 999 actus,
2403 924 2564 1007 quod

628 1028 749 1093 pro
777 1032 1019 1090 praesens
1042 1008 1293 1072 habebat
1330 1006 1428 1071 ed.
1458 1008 1683 1075 Erasm.
1714 1008 1784 1069 ln
1816 1009 1909 1071 ed.
1937 1010 2010 1071 R.
2043 1008 2234 1071 fuerat
2263 1030 2378 1069 non
2407 1030 2566 1089 prae·-

632 1113 753 1152 ιω
774 1111 985 1154 tantum
1005 1088 1253 1170 factum,
1293 1092 1401 1153 sed
1425 1106 1790 1173 postremum
1820 1090 2074 1153 verbum
2097 1107 2256 1152 recte
2291 1088 2570 1169 ignorant

632 1173 819 1235 mssti.
898 1174 937 1233 1.
970 1190 1063 1251 31.
1096 1192 1150 1233 et
1182 1173 1295 1255 ipse
1328 1172 1564 1234 animum
1603 1192 1728 1235 ante
1757 1196 1812 1233 se
1828 1170 2008 1253 ferens
2036 1164 2236 1235 vultus}
2279 1170 2380 1235 Sic
2413 1188 2571 1233 recte

634 1256 773 1336 Arg.
806 1255 858 1315 b.
892 1271 1031 1315 cum
1072 1254 1208 1315 Par.
1252 1276 1307 1317 a.
1334 1256 1388 1316 h.
1415 1256 1473 1318 d.
1531 1252 1740 1343 Inepte
1779 1252 2005 1342 vulgo,
2039 1272 2089 1317 et
2117 1254 2293 1343 ipsius
2338 1252 2572 1317 animum

634 1352 757 1401 ante
778 1353 827 1396 te
844 1332 1027 1423 serens
1048 1351 1099 1401 et
1118 1336 1345 1400 vultum.

1274 1512 1692 1580 EPIST.
1751 1512 1924 1579 x11.

724 1656 850 1719 Lin.
878 1674 933 1719 π.
968 1656 1105 1718 vetet·
1140 1674 1247 1721 ms.
1287 1659 1350 1723 A
1413 1702 1430 1720 .
1459 1657 1510 1719 b.
1549 1657 1684 1718 Par.
1707 1680 1761 1718 a.
1785 1659 1837 1718 b.
1878 1658 1932 1719 d.
1963 1673 2022 1719 et
2061 1655 2176 1720 alii.
2211 1672 2360 1718 veno
2387 1674 2500 1733 ms.
2527 1672 2574 1714 e.

640 1756 779 1801 cum
802 1738 937 1801 edd.
1017 1739 1057 1800 1.
1090 1757 1146 1819 3.
1184 1740 1266 1799 aie
1290 1739 1510 1802 vilicus
1534 1739 1679 1799 mihi.
1732 1738 2090 1801 Postremam
2128 1756 2387 1812 vocem,
2419 1754 2577 1818 quae

638 1820 849 1881 aberat
867 1818 1060 1901 vulgo
1075 1866 1095 1895 ‚
1114 1820 1333 1884 dedere
1362 1820 1546 1883 nostri
1573 1820 1740 1881 mssti
1762 1836 1822 1883 et
1841 1820 1938 1882 alii
1960 1819 2167 1901 optimi
2191 1820 2420 1902 quique
2442 1837 2581 1881 cum

644 1902 738 1962 ed.
764 1904 843 1961 A.
884 1916 945 1962 et
962 1904 1038 1961 R.
1122 1903 1165 1963 l.
1203 1901 1261 1963 8.
1294 1902 1521 1985 adripio.
1565 1904 1765 1984 arripio
1799 1921 1906 1964 ms.
1928 1904 1980 1964 b.
2017 1921 2154 1964 cum
2195 1902 2346 1964 aliis.
2392 1900 2584 1961 Men-

642 1981 787 2043 dose
825 1981 1029 2063 accipio
1062 2000 1169 2047 ms,
1194 2006 1241 2045 c.
1268 2000 1330 2045 et
1359 1986 1452 2047 ed.
1473 1987 1553 2051 A,
1599 1982 1886 2066 arripui
1928 1983 2062 2045 Par.
2098 2007 2155 2046 a.
2188 1986 2241 2045 b.
2265 1986 2323 2044 d.
2357 1997 2422 2045 et
2463 1982 2579 2043 coc.
2697 1994 2727 2059 “,

644 2061 803 2141 apud
850 2061 1030 2125 Grut.
1144 2065 1189 2124 Ι.
1227 2084 1319 2143 ις.
1360 2066 1527 2143 Quod
1555 2064 1747 2126 inter
1777 2086 1877 2127 nos
1904 2064 2001 2128 rsit.
2054 2064 2423 2147 Neutiquam
2464 2062 2586 2124 hoc

646 2160 895 2225 spernet
933 2144 1035 2206 sed
1072 2143 1212 2208 vide
1254 2163 1335 2207 ne
1372 2163 1590 2209 verum
1619 2145 1694 2210 sit
1737 2146 1933 2211 intra
1976 2170 2109 2225 nos,
2147 2146 2320 2232 quod
2360 2144 2585 2207 habent

644 2226 783 2306 Arg.
805 2226 861 2287 b.
898 2244 960 2288 et
998 2226 1134 2288 Par.
1174 2228 1229 2287 b.
1268 2230 1325 2289 d.
2280 2276 2286 2281 -

736 2308 903 2368 Pac.
939 2324 1034 2384 33.
1065 2310 1103 2371 l.
1132 2326 1181 2389 3.
1222 2308 1491 2372 Philositi.
1523 2308 1620 2373 Sic
1647 2309 1772 2373 edd.
1803 2309 1938 2374 inde
1961 2330 1998 2372 a
2021 2309 2285 2373 Muteto.
2324 2307 2451 2372 Alii
2469 2307 2588 2370 ali-

640 2400 760 2448 xer.
799 2390 1078 2470 Phylofici
1111 2390 1204 2453 ed.
1242 2394 1314 2453 R.
1385 2392 1642 2473 Philofici
1677 2393 1771 2456 ed.
1797 2394 1877 2455 A.
1918 2411 2056 2457 cum
2102 2411 2210 2455 ms.
2239 2417 2288 2455 c.
2336 2390 2592 2453 Philosia

648 2487 761 2531 ms.
800 2472 854 2532 b.
906 2469 1133 2536 Forsan
1166 2473 1448 2556 Philosyci
1481 2475 1820 2536 debuerant.
1869 2473 1971 2536 Ex·
1992 2475 2171 2537 Paris.
2207 2474 2292 2536 nil
2328 2473 2591 2534 adnota-

636 2565 805 2618 ,ωσι
884 2551 923 2614 1.
949 2575 1007 2626 4.
1036 2552 1281 2633 Profecto
1312 2575 1389 2616 ex
1421 2573 1536 2618 ora
1559 2555 1779 2618 Erasmi
1818 2557 2046 2640 primus
2071 2555 2300 2637 recepit
2335 2554 2496 2615 Mur.
2529 2569 2593 2616 et

648 2632 908 2714 probavi
938 2634 1212 2714 equidem
1233 2681 1253 2710 ,
1304 2635 1446 2700 licet
1492 2638 1727 2719 Persem
1758 2639 1898 2700 dent
1945 2637 2113 2700 mssti
2151 2639 2405 2718 Arg-et
2457 2633 2590 2695 Par.

650 2729 791 2774 cum
822 2711 987 2778 editt.
1018 2731 1165 2778 vett.
1227 2715 1378 2780 Mox
1399 2721 1635 2802 pupulus
1667 2739 1745 2782 ex
1780 2721 2014 2784 emend.
2056 2717 2290 2780 Mureti
2323 2733 2384 2779 et
2406 2715 2594 2798 Lipsij

648 2810 779 2887 est:
814 2795 961 2858 olim
996 2798 1207 2860 mulus
1231 2800 1361 2862 edd.
1400 2802 1504 2862 sed
1532 2803 1770 2884 populus
1797 2819 1936 2864 mss.
1967 2815 2030 2863 et
2067 2801 2163 2862 ed.
2189 2803 2273 2865 A.
2311 2798 2598 2860 Praeter-

653 2890 835 2938 mitto
865 2877 1194 2956 nonnulla,
1228 2901 1386 2962 quae
1415 2901 1494 2944 ex
1523 2883 1718 2944 msstis
1751 2902 1788 2945 a
1825 2882 1996 2945 nobis
2013 2897 2290 2945 correcta
2318 2896 2504 2954 sunt3
2527 2893 2600 2942 ut

654 2956 893 3018 delicium
926 2981 1092 3021 meum
1106 3003 1139 3035 ,
1189 2981 1305 3046 pro
1338 2964 1631 3028 deliciolum
1683 2986 1845 3027 meum
1850 2989 1877 3041 ‚-
1916 2979 1976 3027 et
2010 2963 2194 3046 paulo
2226 2977 2365 3045 post
2379 3004 2400 3034 ‚
2437 2963 2600 3042 potio

652 3053 789 3129 extr:
826 3056 941 3119 pro
966 3043 1175 3120 potatio
1192 3061 1435 3106 extrema.
1531 3047 1572 3106 l.
1609 3065 1704 3120 14.
1743 3048 1917 3111 omnis
1951 3047 2198 3125 voluptas
2233 3063 2308 3106 ex
2343 3040 2606 3105 Gruter}

653 3133 817 3180 com.
859 3121 1080 3183 merito
1114 3124 1418 3204 adoptavit
1459 3125 1710 3221 Lipsius.
1747 3126 1910 3190 Olim
1949 3127 2174 3188 hominis
2213 3125 2327 3188 vol.
2363 3123 2500 3185 edd.
2535 3139 2604 3186 et

646 3199 826 3262 mssti
872 3219 1099 3266 ornnes.
1146 3203 1424 3269 Similiter
1469 3207 1608 3269 altbi
1652 3223 2064 3290 permutantur
2099 3209 2214 3270 ista
2252 3205 2605 3281 vocabula3

572 3338 585 3353 ,
654 3296 727 3378 pt
766 3281 872 3364 Ep.
913 3297 1103 3346 κων.
1138 3284 1178 3346 1.
1212 3308 1271 3363 ⁴·
1298 3303 1359 3348 et
1395 3303 1584 3352 Lxm.
1632 3309 1737 3372 193
1761 3333 1781 3363 ,
1823 3291 1882 3353 6.
1961 3291 2000 3350 l.
2043 3309 2113 3350 αι
2142 3303 2317 3370 etsq.
2354 3286 2607 3349 Primum

654 3379 943 3425 tstatam
955 3367 1075 3426 seni
1105 3383 1217 3429 etc.
1246 3367 1434 3430 Abest
1453 3370 1555 3431 ista
1575 3389 1685 3432 ms.
1706 3374 1757 3434 b.
1792 3390 1915 3434 non
1939 3371 2129 3446 male3
2164 3386 2226 3432 et
2255 3369 2502 3448 videtur
2525 3385 2611 3430 ex

652 3444 893 3507 scholio
926 3446 1245 3530 irrepsisse.
1286 3451 1676 3512 Restituimus
1711 3468 1913 3514 autem
1935 3452 2123 3528 verba
2157 3452 2217 3513 in
2253 3467 2392 3514 eum
2431 3449 2613 3511 ordi·

656 3528 2616 3698 232511310522‘23222225312zszzffzzszvffissff‘zefflzt

656 3687 705 3752 l.
735 3707 831 3778 39.
866 3694 1123 3754 excludit.
1164 3693 1659 3772 Exspectaveram
1703 3697 1924 3757 includit
1939 3718 1966 3769 ,⁰
2001 3696 2102 3757 sed
2135 3695 2219 3757 nil
2259 3712 2500 3758 mutant
2533 3697 2613 3757 li·

656 3765 771 3860 ζπι.
812 3769 1259 3863 intelligendum
1284 3776 1502 3858 igitur,
1537 3801 1562 3840 e
1594 3778 1781 3839 maiore
1815 3781 1929 3839 orbe
1950 3775 2202 3839 excludit.
2286 3779 2331 3840 l.
2366 3797 2462 3860 31.
2506 3780 2611 3838 de·-

658 3851 777 3914 mde
812 3871 972 3932 epse
998 3875 1189 3924 annus.
1226 3857 1363 3926 Hoc
1395 3877 1432 3922 a
1469 3855 2084 3946 Pinciano.hudatum
2111 3859 2344 3942 primus
2381 3859 2618 3944 recepit
