2759 4825
643 396 782 485 146
1023 389 1107 461 L.
1157 387 1606 462 ANNAEI
1668 387 2241 462 SENECAE.

637 547 1104 620 nihilominus
1125 545 1477 638 quaedam
1505 565 1704 633 sunt,
1730 572 1915 638 quae
1942 549 2155 618 etiam
2182 543 2563 641 sapiente:

638 659 716 728 in
737 656 874 733 alio
892 708 912 743 ‚
943 680 1163 750 quam
1188 654 1266 726 in
1303 679 1374 726 se
1393 705 1417 742 ‚
1446 654 1851 750 diligentius
1874 657 2145 728 vident.
2188 656 2557 730 Praeterea

641 766 826 840 illud
851 765 1338 840 dulcissimum
1377 765 2098 858 honestissimumque
2117 816 2141 853 ‚
2170 761 2370 866 idem
2398 769 2557 838 vel-

631 879 704 948 le
729 894 948 968 atque
972 873 1168 946 idem
1193 878 1391 948 nolle
1408 925 1435 963 ,
1466 863 1754 968 Sapiens
1779 873 2090 970 Sapienti
2119 878 2541 970 praestabit:

634 985 994 1084 egregium
1023 1007 1210 1078 opus
1243 984 1396 1078 pari
1424 982 1597 1081 iugo
1632 982 1869 1056 ducet.

727 1096 1082 1184 Persolvi,
1109 1094 1320 1188 quod
1347 1117 1710 1191 exegeram,
1760 1117 2199 1186 quamquam
2236 1094 2315 1169 in
2349 1093 2549 1166 ordi-

632 1229 725 1278 ne
747 1229 986 1276 rerum
1011 1219 1188 1290 erat,
1221 1227 1397 1296 quas
1427 1205 1701 1276 Moralis
1724 1204 2175 1302 Philosophiae
2208 1205 2551 1276 volumini·

630 1315 744 1388 bus
775 1314 1339 1404 complectimur.
1392 1311 1643 1410 Cogita
1664 1363 1687 1398 ‚
1734 1314 1942 1404 quod
1972 1314 2167 1386 soleo
2204 1314 2547 1406 frequen·-

622 1441 734 1496 ter
759 1423 892 1495 tibi
921 1421 1155 1494 dicere
1173 1471 1198 1508 ‚
1231 1422 1310 1492 in
1333 1422 1475 1492 istis
1504 1445 1632 1492 nos
1653 1423 1829 1493 nihil
1856 1424 2055 1494 aliud
2074 1475 2095 1509 ‚
2127 1447 2347 1516 quam
2372 1449 2543 1494 acu-

623 1557 794 1606 men
813 1583 838 1620 ,
859 1553 1208 1604 exercere.
1249 1531 1547 1604 Totiens
1562 1533 1769 1602 enim
1794 1532 1919 1604 illo
1945 1551 2302 1604 revertor:
2336 1533 2543 1638 Quid

621 1641 750 1714 ista
761 1665 880 1712 me
899 1664 1004 1712 res
1025 1639 1266 1712 iuvat?
1289 1639 1659 1712 fortiorem
1686 1640 1921 1727 faciet,
1941 1640 2337 1726 iustiorem,
2360 1660 2543 1728 temff

618 1748 1092 1844 peratiorem?
1128 1748 1479 1821 Nondum
1512 1749 1819 1822 exerceri
1848 1765 2087 1841 vacat33
2124 1745 2358 1821 adhuc
2388 1729 2547 1818 rue-¹

621 1859 788 1934 dico
807 1859 986 1929 mihi
1013 1882 1195 1952 opus
1217 1874 1340 1930 est.
1393 1858 1739 1964 Quidme
1760 1857 2353 1930 docesecientiam
2378 1856 2546 1942 inu-

617 1967 869 2042 tilem?
911 1966 1168 2063 Magna
1193 1965 1609 2060 promisisti3
1656 1968 1909 2062 exigua
1958 1965 2193 2036 video.
2240 1964 2547 2038 Dicebas

617 2071 1066 2166 intrepidum
1107 2069 1258 2145 fore
1281 2121 1305 2158 ,
1357 2070 1571 2142 etiarn
1614 2073 1669 2142 si
1708 2073 1889 2144 circa
1918 2095 2037 2143 me
2064 2071 2273 2166 gladii
2319 2073 2543 2143 mica·-

617 2198 780 2257 rent
802 2231 826 2270 ‚
867 2181 1088 2254 etiam'
1111 2180 1166 2251 si
1195 2202 1448 2250 mucro
1485 2195 1799 2277 tangeret
1839 2182 2169 2278 iugulum
2184 2207 2211 2266 3
2254 2180 2549 2254 dicebas

616 2315 946 2366 securum
977 2289 1132 2361 fore
1150 2338 1174 2376 ‚
1211 2288 1423 2361 etiam
1448 2290 1503 2358 si
1528 2289 1705 2360 circa
1734 2313 1851 2360 me
1892 2287 2261 2387 flagrarent
2288 2288 2547 2376 incen-

620 2399 772 2489 dia,
795 2401 1010 2473 etiam
1035 2399 1090 2470 si
1113 2398 1389 2471 subitus
1416 2397 1635 2471 turbo
1654 2414 1812 2469 toto
1839 2422 2093 2471 navem
2116 2422 2357 2483 ‘meam
2385 2424 2545 2471 ma·-

617 2512 680 2583 1i
705 2524 998 2603 raperet.
1025 2508 1189 2579 Hoc
1211 2508 1391 2579 mihi
1418 2525 1686 2601 praesta
1714 2508 1997 2591 interim
2019 2559 2043 2596 ,
2084 2525 2169 2581 ut
2204 2510 2543 2603 volupta-

557 2686 566 2701 ,
617 2637 769 2693 tem
788 2668 814 2705 ,
841 2636 925 2690 ut
947 2618 1240 2716 gloriam
1269 2634 1726 2691 contemnam
1752 2644 1771 2701 3
1820 2638 2061 2709 postea
2092 2616 2384 2689 docebis
2425 2618 2543 2687 in-

613 2723 862 2821 plicita
927 2726 1239 2809 solvere,
1305 2723 1643 2821 ambigua
1698 2721 2129 2819 distinguere
2152 2774 2175 2812 ,
2240 2725 2537 2797 obscura

620 2835 1050 2931 perspicere:
1081 2857 1278 2907 nunc
1305 2834 1487 2906 doce
1506 2832 1714 2927 quod
1744 2856 2019 2905 necesse
2044 2849 2167 2905 est.
2196 2832 2397 2905 Vale.
2514 2914 2519 2919 ,

1121 3017 1772 3095 EPISTOLA
1853 3018 2021 3091 CX.

621 3154 1056 3225 Genios.singulis
1074 3154 1217 3209 datos
1233 3172 1248 3207 ε
1267 3172 1398 3225 quos
1420 3155 1653 3209 faventes
1671 3155 1849 3220 habet,
1869 3156 1955 3225 qui
1972 3155 2159 3209 Bonam
2188 3168 2403 3211 mentem
2435 3154 2533 3207 ha·

749 3233 859 3289 bet.
883 3236 1020 3287 Vota
1041 3246 1216 3285 nostra
1237 3248 1288 3287 et
1306 3234 1491 3287 iudicia
1508 3230 1736 3303 improba
1759 3251 1871 3289 esse
1885 3273 1900 3298 ,
1920 3246 1999 3289 res
2020 3252 2125 3289 non
2146 3252 2211 3289 ex
2228 3254 2355 3289 vero
2371 3235 2531 3287 aesti-

749 3312 1011 3367 mantium.
1037 3312 1179 3363 vana
1198 3314 1362 3381 optari
1374 3352 1391 3376 ,
1409 3330 1537 3367 vana
1556 3314 1739 3367 timeri.
1770 3314 2061 3366 Remedium
2082 3316 2343 3383 utriusque
2364 3331 2394 3365 ι
2408 3314 2531 3365 Phi·

748 3391 988 3459 losophia
1005 3408 1022 3443 ι
1045 3406 1148 3459 quo
1170 3407 1264 3443 nos
1291 3407 1475 3457 vocat,
1498 3394 1683 3459 spretis
1702 3393 2059 3460 supervacuis.
2090 3393 2289 3451 Luxiam
2313 3393 2537 3461 denique

751 3470 1008 3541 producit,
1030 3482 1084 3523 et
1101 3475 1310 3539 castigat
1323 3508 1338 3533 ,
1357 3470 1517 3523 Attali
1537 3471 1729 3539 egregia
1748 3471 1995 3526 oratione.

1010 3602 1348 3675 SENECA
1389 3602 1641 3687 Lucilio
1680 3628 1794 3675 suo
1830 3603 2141 3678 Salutem-
2190 3592 2205 3601 N

629 3659 795 3799 Ex
822 3725 1288 3801 Nomentano
1314 3754 1481 3802 meo
1510 3746 1585 3801 te
1608 3731 1835 3803 saluto
1852 3781 1875 3821 ‚
1892 3747 1985 3809 et
2020 3730 2237 3801 iubeo
2265 3705 2526 3802 habete

627 3851 947 3907 mentem
973 3836 1246 3913 bonam
1263 3868 1290 3933 ,·
1311 3841 1453 3914 hoc
1470 3854 1605 3932 est2'
1622 3833 1983 3942 propitios
2000 3839 2193 3914 Deos
2230 3866 2519 3929 omnen
