2759 4825
615 376 1422 453 EP1s‘rnLA
1503 382 1767 458 xcv.
1900 414 1907 419 ·
2048 388 2152 489 69

205 562 380 631 que
415 562 504 609 ex
535 560 628 607 eo
653 554 844 614 sunt.
869 537 1144 626 Cetera,
1193 541 1268 611 in
1297 540 1489 613 diem
1520 541 1711 614 bona
1742 558 1926 615 sunt.
1962 545 2147 645 Ergo

203 650 420 747 infigi
449 648 676 721 debet
699 651 1054 743 persuasio
1091 651 1186 723 ad
1215 667 1443 723 totam
1468 654 1831 747 pertinens
1874 656 2093 748 vitam
2117 680 2147 741 3

203 761 364 835 hoc
387 775 523 847 est,
551 748 762 853 quod
799 761 1123 835 decretum
1151 786 1362 835 voco.
1392 764 1641 867 Qualis
1667 766 1839 837 haec
1860 790 2143 861 persua-

205 872 314 945 sio
339 870 599 959 fuerit,
644 870 804 953 talia
825 884 1086 959 erunt,
1123 896 1311 968 quae
1353 890 1691 971 agentur,
1736 898 1925 967 quae
1946 878 2144 973 cogi-

207 980 598 1053 tabuntur:
651 980 890 1075 qualia
933 998 1178 1053 autern
1231 982 1407 1054 haec
1448 981 1715 1057 fuerint
1740 1032 1763 1069 ‚
1802 983 1957 1055 talis
1997 985 2141 1069 vita

207 1087 378 1159 erit.
425 1090 514 1158 In
555 1089 930 1180 particulas
971 1092 1290 1179 suasisse,
1339 1106 1585 1181 totum
1624 1092 1979 1165 ordinanti
2008 1082 2149 1187 pa-'

201 1222 384 1271 rum
405 1213 526 1270 est.
553 1198 660 1269 M.
695 1197 954 1271 Brutus
991 1200 1070 1271 in
1103 1225 1192 1273 eo
1222 1200 1447 1291 libre,
1500 1226 1723 1295 quem
1759 1194 1910 1304 περὶ
1931 1192 2144 1283 Kanovi-

207 1334 440 1392 κατα
471 1306 862 1401 inscripsit,
910 1308 1038 1383 dat
1077 1310 1306 1383 multa
1331 1326 1703 1405 praecepta
1728 1330 1803 1383 et
1826 1312 2141 1406 parenti·-

207 1417 366 1489 bus
384 1434 452 1489 et
467 1414 702 1489 liberis
723 1432 800 1487 et
823 1416 1188 1491 fratribusz
1214 1418 1387 1489 haec
1406 1442 1623 1489 nemo
1642 1415 1869 1507 faciet,
1896 1444 2142 1514 quem·

207 1528 614 1605 admodum
639 1528 862 1601 debet
881 1582 906 1618 ‚
929 1530 1060 1603 nisi
1083 1531 1453 1617 habuerit,
1490 1556 1643 1625 quo
1664 1532 1939 1605 referat.
1964 1533 2142 1605 Pro-

206 1660 570 1730 ponamus
603 1654 890 1732 oportet
939 1638 1160 1713 {inem
1201 1642 1467 1714 summi
1500 1640 1725 1729 Boni,
1764 1640 1860 1713 ad
1906 1666 2132 1737 quem

203 1748 550 1835 nitamur,
571 1748 662 1821 ad
687 1773 908 1851 quem
927 1772 1148 1824 omne
1171 1748 1441 1823 factum
1470 1767 1795 1824 nostrum
1824 1749 2137 1835 dictum?

205 1884 368 1952 que
399 1860 753 1953 respiciam
789 1862 1016 1933 veluti
1059 1860 1557 1957 navigantibus
1600 1860 1696 1933 ad
1720 1856 2017 1953 aliquod
2040 1860 2135 1929 si-

205 1967 360 2039 dus
387 1968 792 2065 dirigendus
811 1984 918 2041 est
941 1991 1198 2043 cursus.
1243 1969 1410 2041 Vita
1438 1969 1591 2043 sine'
1615 1968 1984 2065 proposito
2014 1994 2135 2041 va-

204 2100 294 2174 ga
337 2093 464 2148 est.
513 2077 740 2183 Quod
779 2078 837 2149 si
871 2077 1127 2171 utique
1159 2080 1725 2173 proponendum
1766 2094 1906 2166 est,
1952 2079 2131 2153 inci-

201 2188 428 2281 piunt
445 2190 817 2263 necessaria
843 2214 984 2263 esse
1015 2189 1314 2261 decreta.
1337 2187 1529 2263 qud
1551 2240 1574 2278 ,
1602 2178 1684 2263 ut
1706 2208 1929 2283 puto,
1949 2213 2129 2261 con-

201 2298 418 2369 cedes
439 2348 466 2385 ‚
493 2297 678 2373 nihil
704 2322 846 2373 esse
868 2297 1146 2391 turpius
1171 2295 1403 2371 dubio
1426 2312 1501 2367 et
1528 2298 1799 2369 incerto
1826 2320 1906 2367 ac
1938 2296 2129 2367 timi·-

205 2408 356 2495 do,
397 2408 660 2501 pedem
693 2408 920 2482 modo
957 2406 1308 2480 referente
1327 2457 1354 2496 ,
1399 2405 1633 2480 modo
1658 2403 2127 2500 producente.

205 2517 378 2590 Hoc
400 2520 480 2590 in
501 2515 838 2592 omnibus
855 2519 1066 2590 rebus
1089 2517 1366 2590 accidet
1386 2517 1635 2602 nobis,
1660 2515 1795 2586 nisi
1820 2516 2132 2598 eximau·
2178 2595 2195 2612 .

205 2642 360 2712 tur,
393 2651 579 2720 quae
609 2629 1053 2722 reprendunt
1069 2627 1348 2700 animos
1367 2652 1455 2700 ac
1476 2626 1808 2698 detinent
1822 2674 1845 2714 ‚
1870 2647 2125 2720 perco-

199 2737 504 2827 narique
529 2753 722 2808 totos
754 2753 1017 2808 vetant.

311 2849 634 2962 Quomodo
663 2852 800 2922 sint
829 2849 954 2922 Dii
975 2848 1222 2920 colendi
1233 2900 1260 2924 .
1281 2849 1465 2920 solet
1480 2845 1819 2940 praecipi.
1848 2842 2128 2916 Aocen-

202 2959 384 3029 dere
399 2958 706 3049 aliquem
730 2961 1044 3030 lucernas
1061 2955 1361 3030 sabbatis
1379 2954 1917 3048 prohibeamus3
1938 2975 2123 3050 quu-
2241 3022 2254 3033 ,
2295 3032 2308 3049 ,

199 3066 401 3136 niam
443 3087 575 3136 nec
611 3066 890 3140 lumine
917 3064 1038 3136 Dii
1081 3081 1328 3161 egent,
1357 3081 1434 3135 et
1472 3085 1567 3134 ne
1610 3061 1933 3134 homines
1960 3059 2123 3154 qui-

203 3174 388 3244 dem
407 3171 847 3246 delectantur
865 3172 1184 3270 fuligine.
1208 3172 1557 3244 Vetemus
1580 3170 2120 3247 salutationibus

197 3280 574 3353 matutinis
602 3281 807 3380 fungi
828 3331 854 3370 ,
887 3297 960 3355 et
979 3281 1248 3356 foribus
1267 3279 1595 3354 adsidere
1630 3283 2115 3374 templorum:

197 3392 526 3462 humana
551 3390 848 3462 ambitio
867 3389 1010 3466 istis
1035 3391 1280 3462 officiis
1301 3391 1615 3486 capitur;
1640 3388 1881 3464 Deum
1908 3389 2117 3472 colit,

199 3496 340 3588 qui
363 3497 592 3569 novit.
631 3497 978 3575 Veternus
1012 3501 1226 3574 lintea
1269 3516 1346 3572 et
1388 3499 1677 3598 strigiles
1708 3499 1864 3568 Iovi
1896 3497 2113 3580 ferre,

193 3623 282 3676 et
323 3609 697 3700 speculum
746 3625 990 3684 tenere
1034 3609 1340 3682 Iunoni:
1386 3615 1541 3680 non
1586 3604 1859 3700 quaerit
1910 3603 2119 3688 mini,-

187 3733 378 3786 stros
419 3717 656 3804 Deus3
709 3717 1022 3811 quidni?
1067 3717 1216 3810 ipse
1263 3718 1587 3790 humano
1624 3712 1863 3810 generi
1908 3711 2119 3790 mini?-

189 3841 366 3900 strat
374 3853 402 3918 3
444 3828 738 3924 ubique·
760 3845 836 3904 et
873 3829 1214 3904 omnibus
1251 3843 1538 3924 praesto
1568 3842 1695 3898 est·
1732 3822 2004 3900 Audiat
2038 3823 2123 3894 n-
