2759 4825
633 392 732 471 66
1039 380 1120 455 L.
1166 374 1607 451 ANNAEI
1648 370 2163 449 SENECAE

638 551 1004 629 discutiet:
1031 544 1326 631 decretis
1347 541 1709 642 agendum
1734 558 1838 613 est
1854 588 1879 629 ‚
1914 557 1999 613 ut
2023 541 2403 615 revellatur
2424 567 2569 639 pe-

635 662 828 737 nitus
853 660 1188 731 falsorum
1217 669 1501 749 recepta
1524 651 1899 747 persuasio.
1944 650 2071 721 His
2106 653 2163 721 si
2198 650 2575 727 adiunxe-

633 776 852 847 rimus
889 764 1298 865 praecepta,
1351 761 1869 837 consolationes
1890 813 1913 850 ,
1974 760 2506 835 adhortationes
2530 814 2567 853 ‚

634 876 982 979 poterunt
1017 878 1288 961 valere3
1329 896 1459 968 per
1480 897 1553 945 se
1597 872 1978 950 inefficaces
2018 887 2203 941 sunt.
2240 868 2315 941 Si
2344 874 2571 945 volu-

634 1016 798 1065 mus
829 988 1090 1061 habere
1119 984 1509 1081 obligatos,
1552 1000 1627 1053 et
1664 979 1861 1052 malis
1883 1030 1908 1066 ‚
1950 979 2231 1072 quibus,
2260 979 2402 1065 iam
2442 1000 2565 1055 te-

633 1115 938 1185 nentur,
961 1097 1294 1181 avellere3
1323 1093 1597 1165 discant
1613 1143 1638 1181 ,
1665 1090 1847 1185 quid
1872 1091 2147 1165 malum
2166 1138 2191 1176 ,
2220 1088 2567 1184 quidbo-

633 1232 820 1283 num
857 1206 976 1291 sit,
1013 1203 1268 1289 sciant,
1315 1201 1603 1287 omnia,
1636 1215 1915 1293 praeter
1942 1197 2310 1273 Virtutem
2330 1250 2354 1288 ‚
2389 1226 2565 1273 mu-

633 1334 782 1390 mre
805 1335 1100 1397 nomen,
1125 1308 1354 1381 modo
1373 1309 1557 1381 mala
1578 1306 1759 1396 fieri,
1780 1305 2007 1381 modo
2022 1306 2237 1379 bona.
2268 1310 2557 1414 Quem-

633 1421 1038 1497 admodum
1063 1417 1383 1513 primum
1406 1415 1695 1487 militiae
1724 1413 2101 1488 vinculum
2128 1432 2231 1487 est
2252 1416 2505 1515 religio
2524 1468 2553 1506 ,

597 1588 608 1593 -
637 1547 716 1606 et
733 1532 1098 1628 signorum
1119 1550 1325 1601 amor
1346 1578 1369 1615 ,
1394 1542 1469 1601 et
1494 1523 1862 1597 deserendi
1881 1522 2115 1595 nefas·
2093 1572 2115 1610 ,
2152 1538 2327 1597 tunc
2348 1526 2563 1597 dein-

635 1642 731 1717 de
767 1640 973 1713 facile
1005 1655 1236 1709 cetera
1280 1636 1667 1733 exiguntur
1712 1632 2347 1727 mandanturque
2326 1636 2557 1707 rusiu-

631 1752 946 1832 randum
986 1749 1288 1821 adactis.
1325 1746 1443 1818 ita
1450 1747 1523 1817 in
1551 1746 1695 1835 his,
1726 1769 1914 1839 quos
1938 1746 2107 1817 velis
2142 1746 2239 1817 ad
2266 1747 2553 1819 beatam

632 1862 852 1935 vitam
872 1856 1286 1955 perducere,
1302 1856 1531 1951 prima
1546 1852 2013 1928 fundamenta
2026 1854 2343 1931 iacienda
2355 1877 2551 1946 sunt,

635 1987 710 2043 et
747 1964 1170 2041 insinuanda
1196 1962 1463 2037 Virtus.
1508 1961 1743 2032 Huius
1766 1948 2078 2055 quadarn
2109 1964 2557 2091 superstitio-

630 2100 730 2152 ne
765 2093 1185 2163 teneantur;
1231 2075 1732 2149 hanctament·
1709 2122 1735 2163 ‚
1782 2096 1955 2147 cum
1990 2074 2123 2149 hac
2149 2075 2389 2151 vivere
2426 2100 2557 2153 ve·

629 2187 770 2261 lint
789 2235 815 2276 ‚
839 2187 991 2259 sine
1011 2185 1141 2257 hac
1163 2184 1422 2257 nolint.

727 2292 938 2400 Quid
965 2314 1133 2390 ergo
1149 2292 1184 2363 ἰ’
1209 2312 1362 2363 non
1388 2288 1685 2385 quidam
1718 2290 1869 2379 sine
1892 2290 2339 2367 institutione
2366 2293 2553 2368 sub-

627 2402 743 2476 till
769 2416 1138 2477 evaserunt
1177 2397 1436 2494 probi,
1474 2423 1917 2500 magnosque
1947 2399 2309 2496 profectus
2340 2401 2570 2476 adse-.

630 2511 850 2606 quuti
880 2527 1046 2584 sunt
1066 2559 1091 2598 ‚
1140 2508 1326 2581 dum
1361 2510 1581 2582 nudis
1606 2526 1891 2584 tantum
1917 2513 2305 2636 praeceptis
2336 2513 2555 2588 obse-

629 2635 961 2714 quuntur
977 2618 1013 2690 ἲ
1040 2657 1112 2672 -
1146 2617 1437 2690 Fateor:
1460 2618 1589 2690 sed
1612 2618 1783 2691 felix
1805 2619 1981 2690 illis
1962 2623 2335 2718 ingenium
2369 2621 2542 2712 fuit,

627 2743 708 2800 et
729 2727 1048 2800 alutaria
1069 2726 1148 2803 in
1176 2729 1471 2800 transitu
1497 2729 1752 2823 rapuit.
1781 2728 2003 2818 Nam,
2032 2746 2117 2802 ut
2138 2730 2259 2802 Dii
2284 2732 2555 2806 inmor-

627 2839 800 2912 tales
824 2839 1101 2912 nullam
1129 2836 1441 2912 didicere
1464 2838 1811 2913 virtutem
1832 2889 1857 2928 ‚
1888 2861 2057 2912 cum
2084 2842 2289 2914 omni
2316 2842 2549 2932 editi,

631 2965 708 3022 et
747 2973 904 3044 pars
942 2965 1232 3022 naturae
1257 2974 1510 3022 eorum
1550 2967 1696 3038 est,
1742 2950 1975 3022 bonos
2008 2973 2185 3038 esse3
2234 2954 2338 3031 ita.
2372 2953 2549 3046 qui-

630 3061 802 3130 dam
825 3084 916 3132 ex
937 3059 1350 3132 hominibus
1365 3110 1391 3146 ,
1422 3059 1773 3158 egregiam
1797 3059 2025 3132 sortiti
2052 3061 2373 3134 indolem
2398 3111 2419 3149 ,
2442 3061 2547 3141 -in

627 3191 750 3260 ea,
788 3192 972 3263 quae
1003 3169 1184 3242 tradi
1202 3169 1436 3240 solent
1456 3219 1477 3257 ,
1502 3170 1931 3262 perveniunt
1956 3171 2107 3242 sine
2133 3171 2353 3268 longo
2381 3193 2542 3242 ma·

625 3277 946 3376 gisteri03
971 3296 1042 3350 et
1059 3278 1354 3350 honesta
1369 3279 1731 3372 complexi
1748 3297 1937 3365 sunt,
1960 3303 2194 3372 quum
2210 3281 2545 3375 primum

627 3387 950 3458 audiere:
999 3386 1195 3458 unde
1235 3389 1360 3458 ista
1399 3404 1547 3458 tam
1586 3390 1855 3482 rapacia
1898 3388 2177 3462 virtutis
2209 3390 2541 3487 ingenia,

571 3514 578 3522 ·
626 3495 746 3568 vel
767 3517 862 3567 ex
885 3517 958 3566 se
977 3491 1250 3566 fertilia.
1276 3491 1383 3565 At
1402 3494 1536 3566 illis
1556 3512 1680 3566 aut
1717 3496 2095 3570 hebetibus
2126 3514 2201 3570 et
2226 3499 2538 3591 obtusis,

624 3619 752 3675 aut
783 3606 966 3679 mala
991 3604 1517 3676 consuetudine
1547 3603 1873 3695 obsessis,
1913 3605 2041 3680 diu
2082 3609 2343 3707 rubigo
2378 3610 2541 3680 ani·

625 3725 918 3780 morum
948 3707 1324 3782 effricanda
1363 3725 1487 3782 est.
1540 3711 1913 3803 Ceterum,
1958 3732 2043 3788 ut
2079 3715 2239 3786 illos
2276 3716 2353 3789 in
2394 3717 2539 3790 bo·-

625 3838 808 3893 num
831 3841 1098 3916 pronos
1124 3819 1330 3914 citius
1353 3821 1597 3896 educit
1614 3823 1709 3898 ad
1728 3847 2005 3900 summa
2018 3874 2045 3919 ,
2076 3841 2151 3900 et
2174 3825 2307 3902 hos
2330 3826 2552 3906 inbe-
