<?xml version="1.0" encoding="UTF-8"?>
<!DOCTYPE html PUBLIC "-//W3C//DTD XHTML 1.0 Transitional//EN"
    "http://www.w3.org/TR/xhtml1/DTD/xhtml1-transitional.dtd">
<html xmlns="http://www.w3.org/1999/xhtml" xml:lang="en" lang="en">
 <head>
  <title>
</title>
<meta http-equiv="Content-Type" content="text/html;charset=utf-8" />
  <meta name='ocr-system' content='tesseract 3.04.00' />
  <meta name='ocr-capabilities' content='ocr_page ocr_carea ocr_par ocr_line ocrx_word'/>
</head>
<body>
  <div class='ocr_page' id='page_1' title='image "./lannaeisenecaea00bipogoog_0190.png"; bbox 0 0 2759 4825; ppageno 0'>
   <div class='ocr_carea' id='block_1_1' title="bbox 647 413 2225 496">
    <p class='ocr_par' dir='ltr' id='par_1_1' title="bbox 647 413 2225 496">
     <span class='ocr_line' id='line_1_1' title="bbox 647 413 2225 496; baseline -0.005 0"><span class='ocrx_word' id='word_1_1' title='bbox 647 417 795 496; x_wconf 76' lang='lat'>³182</span> <span class='ocrx_word' id='word_1_2' title='bbox 947 413 1616 491; x_wconf 72' lang='lat' dir='ltr'><strong>&#39;LANNAEI</strong></span> <span class='ocrx_word' id='word_1_3' title='bbox 1676 413 2225 490; x_wconf 85' lang='lat' dir='ltr'><strong>SENECAE</strong></span> 
     </span>
    </p>
   </div>
   <div class='ocr_carea' id='block_1_2' title="bbox 601 573 2663 3971">
    <p class='ocr_par' dir='ltr' id='par_1_2' title="bbox 535 573 2663 3971">
     <span class='ocr_line' id='line_1_2' title="bbox 649 573 2572 676; baseline -0.004 -25"><span class='ocrx_word' id='word_1_4' title='bbox 649 605 802 675; x_wconf 88' lang='lat' dir='ltr'>quo</span> <span class='ocrx_word' id='word_1_5' title='bbox 831 603 1136 652; x_wconf 86' lang='lat' dir='ltr'>numero</span> <span class='ocrx_word' id='word_1_6' title='bbox 1161 580 1294 650; x_wconf 82' lang='lat' dir='ltr'>sit?</span> <span class='ocrx_word' id='word_1_7' title='bbox 1321 579 1607 650; x_wconf 88' lang='lat' dir='ltr'>Bonum</span> <span class='ocrx_word' id='word_1_8' title='bbox 1633 595 1897 676; x_wconf 84' lang='lat' dir='ltr'>negant</span> <span class='ocrx_word' id='word_1_9' title='bbox 1920 601 2097 662; x_wconf 84' lang='lat' dir='ltr'>esse3</span> <span class='ocrx_word' id='word_1_10' title='bbox 2130 577 2403 648; x_wconf 88' lang='lat' dir='ltr'>malum</span> <span class='ocrx_word' id='word_1_11' title='bbox 2428 573 2572 646; x_wconf 87' lang='lat' dir='ltr'>uti-</span> 
     </span>
     <span class='ocr_line' id='line_1_3' title="bbox 650 674 2570 790; baseline -0.005 -24"><span class='ocrx_word' id='word_1_12' title='bbox 650 719 797 790; x_wconf 90' lang='lat' dir='ltr'>que</span> <span class='ocrx_word' id='word_1_13' title='bbox 824 721 975 778; x_wconf 81' lang='lat' dir='ltr'>non</span> <span class='ocrx_word' id='word_1_14' title='bbox 1001 711 1144 766; x_wconf 87' lang='lat' dir='ltr'>est:</span> <span class='ocrx_word' id='word_1_15' title='bbox 1179 674 1501 788; x_wconf 38' lang='lat' dir='ltr'>sequi-tur</span> <span class='ocrx_word' id='word_1_16' title='bbox 1520 743 1543 779; x_wconf 91' lang='lat'>,</span> <span class='ocrx_word' id='word_1_17' title='bbox 1562 678 1677 762; x_wconf 68' lang='lat' dir='ltr'>‚ut</span> <span class='ocrx_word' id='word_1_18' title='bbox 1708 681 2029 761; x_wconf 74' lang='lat' dir='ltr'>inedium</span> <span class='ocrx_word' id='word_1_19' title='bbox 2060 689 2167 760; x_wconf 84' lang='lat' dir='ltr'>sit.</span> <span class='ocrx_word' id='word_1_20' title='bbox 2208 688 2297 758; x_wconf 86' lang='lat' dir='ltr'>Id</span> <span class='ocrx_word' id='word_1_21' title='bbox 2320 705 2570 758; x_wconf 84' lang='lat' dir='ltr'>autem</span> 
     </span>
     <span class='ocr_line' id='line_1_4' title="bbox 647 789 2563 898; baseline -0.005 -22"><span class='ocrx_word' id='word_1_22' title='bbox 647 805 974 876; x_wconf 86' lang='lat' dir='ltr'>medium</span> <span class='ocrx_word' id='word_1_23' title='bbox 1011 821 1230 898; x_wconf 90' lang='lat' dir='ltr'>atque</span> <span class='ocrx_word' id='word_1_24' title='bbox 1269 801 1673 874; x_wconf 84' lang='lat' dir='ltr'>indifferens</span> <span class='ocrx_word' id='word_1_25' title='bbox 1722 823 2098 886; x_wconf 82' lang='lat' dir='ltr'>vocamus,</span> <span class='ocrx_word' id='word_1_26' title='bbox 2149 795 2353 892; x_wconf 87' lang='lat' dir='ltr'>quod</span> <span class='ocrx_word' id='word_1_27' title='bbox 2408 789 2563 868; x_wconf 65' lang='lat' dir='ltr'>tam</span> 
     </span>
     <span class='ocr_line' id='line_1_5' title="bbox 645 897 2571 1012; baseline -0.005 -27"><span class='ocrx_word' id='word_1_28' title='bbox 645 915 838 985; x_wconf 87' lang='lat' dir='ltr'>malo</span> <span class='ocrx_word' id='word_1_29' title='bbox 859 897 1561 1012; x_wconf 69' lang='lat' dir='ltr'>eontingere,·quam</span> <span class='ocrx_word' id='word_1_30' title='bbox 1592 907 1790 979; x_wconf 92' lang='lat' dir='ltr'>bono</span> <span class='ocrx_word' id='word_1_31' title='bbox 1811 958 1834 995; x_wconf 89' lang='lat'>,</span> <span class='ocrx_word' id='word_1_32' title='bbox 1862 907 2113 1001; x_wconf 82' lang='lat' dir='ltr'>possit:</span> <span class='ocrx_word' id='word_1_33' title='bbox 2148 926 2524 1000; x_wconf 89' lang='lat' dir='ltr'>tamquam</span> <span class='ocrx_word' id='word_1_34' title='bbox 2542 955 2571 993; x_wconf 88' lang='lat'>,</span> 
     </span>
     <span class='ocr_line' id='line_1_6' title="bbox 645 1016 2572 1115; baseline -0.004 -23"><span class='ocrx_word' id='word_1_35' title='bbox 645 1022 994 1115; x_wconf 88' lang='lat' dir='ltr'>pecunia,</span> <span class='ocrx_word' id='word_1_36' title='bbox 1034 1021 1294 1105; x_wconf 87' lang='lat' dir='ltr'>forma,</span> <span class='ocrx_word' id='word_1_37' title='bbox 1330 1019 1685 1090; x_wconf 84' lang='lat' dir='ltr'>nobilitas.</span> <span class='ocrx_word' id='word_1_38' title='bbox 1733 1017 1894 1087; x_wconf 85' lang='lat' dir='ltr'>Hoc</span> <span class='ocrx_word' id='word_1_39' title='bbox 1915 1067 1941 1105; x_wconf 93' lang='lat'>,</span> <span class='ocrx_word' id='word_1_40' title='bbox 1978 1035 2059 1086; x_wconf 91' lang='lat' dir='ltr'>ut</span> <span class='ocrx_word' id='word_1_41' title='bbox 2094 1016 2309 1110; x_wconf 86' lang='lat' dir='ltr'>sapiat</span> <span class='ocrx_word' id='word_1_42' title='bbox 2333 1068 2357 1104; x_wconf 93' lang='lat'>,</span> <span class='ocrx_word' id='word_1_43' title='bbox 2390 1038 2572 1088; x_wconf 86' lang='lat' dir='ltr'>con-</span> 
     </span>
     <span class='ocr_line' id='line_1_7' title="bbox 645 1123 2569 1226; baseline -0.003 -26"><span class='ocrx_word' id='word_1_44' title='bbox 645 1129 920 1226; x_wconf 84' lang='lat' dir='ltr'>tingere</span> <span class='ocrx_word' id='word_1_45' title='bbox 945 1128 1072 1198; x_wconf 88' lang='lat' dir='ltr'>nisi</span> <span class='ocrx_word' id='word_1_46' title='bbox 1098 1129 1298 1198; x_wconf 91' lang='lat' dir='ltr'>bono</span> <span class='ocrx_word' id='word_1_47' title='bbox 1319 1150 1469 1198; x_wconf 88' lang='lat' dir='ltr'>non</span> <span class='ocrx_word' id='word_1_48' title='bbox 1490 1142 1724 1220; x_wconf 87' lang='lat' dir='ltr'>potest</span> <span class='ocrx_word' id='word_1_49' title='bbox 1746 1154 1761 1195; x_wconf 71' lang='grc' dir='ltr'><strong><em>τ</em></strong></span> <span class='ocrx_word' id='word_1_50' title='bbox 1792 1149 1957 1224; x_wconf 87' lang='lat' dir='ltr'>ergo</span> <span class='ocrx_word' id='word_1_51' title='bbox 1980 1123 2389 1197; x_wconf 80' lang='lat' dir='ltr'>indifferens</span> <span class='ocrx_word' id='word_1_52' title='bbox 2408 1147 2569 1196; x_wconf 83' lang='lat' dir='ltr'>non</span> 
     </span>
     <span class='ocr_line' id='line_1_8' title="bbox 649 1234 2574 1331; baseline -0.003 -21"><span class='ocrx_word' id='word_1_53' title='bbox 649 1257 769 1310; x_wconf 87' lang='lat' dir='ltr'>est.</span> <span class='ocrx_word' id='word_1_54' title='bbox 805 1239 1033 1331; x_wconf 80' lang='lat' dir='ltr'>Atqui</span> <span class='ocrx_word' id='word_1_55' title='bbox 1065 1260 1156 1306; x_wconf 89' lang='lat' dir='ltr'>ne</span> <span class='ocrx_word' id='word_1_56' title='bbox 1202 1238 1471 1308; x_wconf 86' lang='lat' dir='ltr'>malum</span> <span class='ocrx_word' id='word_1_57' title='bbox 1510 1235 1814 1328; x_wconf 79' lang='lat' dir='ltr'>quidem</span> <span class='ocrx_word' id='word_1_58' title='bbox 1858 1250 2005 1321; x_wconf 89' lang='lat' dir='ltr'>est,</span> <span class='ocrx_word' id='word_1_59' title='bbox 2031 1234 2262 1327; x_wconf 32' lang='lat' dir='ltr'>,quod</span> <span class='ocrx_word' id='word_1_60' title='bbox 2290 1235 2574 1304; x_wconf 84' lang='lat' dir='ltr'>contin-</span> 
     </span>
     <span class='ocr_line' id='line_1_9' title="bbox 643 1343 2570 1448; baseline -0.002 -33"><span class='ocrx_word' id='word_1_61' title='bbox 643 1369 810 1442; x_wconf 84' lang='lat' dir='ltr'>gere</span> <span class='ocrx_word' id='word_1_62' title='bbox 843 1347 1031 1416; x_wconf 87' lang='lat' dir='ltr'>malo</span> <span class='ocrx_word' id='word_1_63' title='bbox 1071 1368 1219 1415; x_wconf 88' lang='lat' dir='ltr'>non</span> <span class='ocrx_word' id='word_1_64' title='bbox 1255 1361 1530 1438; x_wconf 80' lang='lat' dir='ltr'>potest=</span> <span class='ocrx_word' id='word_1_65' title='bbox 1576 1368 1743 1440; x_wconf 87' lang='lat' dir='ltr'>ergo</span> <span class='ocrx_word' id='word_1_66' title='bbox 1787 1345 2065 1414; x_wconf 86' lang='lat' dir='ltr'>bonum</span> <span class='ocrx_word' id='word_1_67' title='bbox 2109 1355 2251 1412; x_wconf 86' lang='lat' dir='ltr'>est.&#39;</span> <span class='ocrx_word' id='word_1_68' title='bbox 2294 1343 2570 1448; x_wconf 77' lang='lat' dir='ltr'>Quod,</span> 
     </span>
     <span class='ocr_line' id='line_1_10' title="bbox 647 1451 2570 1545; baseline -0.001 -22"><span class='ocrx_word' id='word_1_69' title='bbox 647 1453 778 1524; x_wconf 87' lang='lat' dir='ltr'>nisi</span> <span class='ocrx_word' id='word_1_70' title='bbox 806 1454 1084 1539; x_wconf 82' lang='lat' dir='ltr'>bonus,</span> <span class='ocrx_word' id='word_1_71' title='bbox 1127 1475 1278 1523; x_wconf 89' lang='lat' dir='ltr'>non</span> <span class='ocrx_word' id='word_1_72' title='bbox 1322 1451 1577 1539; x_wconf 87' lang='lat' dir='ltr'>habet,</span> <span class='ocrx_word' id='word_1_73' title='bbox 1629 1453 1907 1523; x_wconf 83' lang='lat' dir='ltr'>bonum</span> <span class='ocrx_word' id='word_1_74' title='bbox 1946 1468 2089 1536; x_wconf 82' lang='lat' dir='ltr'>est3</span> <span class='ocrx_word' id='word_1_75' title='bbox 2137 1473 2375 1545; x_wconf 84' lang='lat' dir='ltr'>sapere</span> <span class='ocrx_word' id='word_1_76' title='bbox 2413 1475 2570 1522; x_wconf 88' lang='lat' dir='ltr'>non</span> 
     </span>
     <span class='ocr_line' id='line_1_11' title="bbox 650 1558 2570 1659; baseline -0.001 -27"><span class='ocrx_word' id='word_1_77' title='bbox 650 1563 782 1633; x_wconf 88' lang='lat' dir='ltr'>nisi</span> <span class='ocrx_word' id='word_1_78' title='bbox 826 1562 1063 1634; x_wconf 81' lang='lat' dir='ltr'>bonus</span> <span class='ocrx_word' id='word_1_79' title='bbox 1103 1563 1354 1632; x_wconf 87' lang='lat' dir='ltr'>habet:</span> <span class='ocrx_word' id='word_1_80' title='bbox 1402 1585 1572 1659; x_wconf 87' lang='lat' dir='ltr'>ergo</span> <span class='ocrx_word' id='word_1_81' title='bbox 1606 1561 1889 1632; x_wconf 87' lang='lat' dir='ltr'>bonurn</span> <span class='ocrx_word' id='word_1_82' title='bbox 1935 1578 2058 1630; x_wconf 85' lang='lat' dir='ltr'>est.</span> <span class='ocrx_word' id='word_1_83' title='bbox 2096 1599 2169 1615; x_wconf 88' lang='lat'>--</span> <span class='ocrx_word' id='word_1_84' title='bbox 2220 1558 2570 1652; x_wconf 80' lang='lat' dir='ltr'>Accidens</span> 
     </span>
     <span class='ocr_line' id='line_1_12' title="bbox 624 1669 2571 1768; baseline -0.002 -22"><span class='ocrx_word' id='word_1_85' title='bbox 624 1675 792 1760; x_wconf 52' lang='lat' dir='ltr'>est,</span> <span class='ocrx_word' id='word_1_86' title='bbox 827 1673 1106 1766; x_wconf 89' lang='lat' dir='ltr'>inquit,</span> <span class='ocrx_word' id='word_1_87' title='bbox 1139 1669 1560 1764; x_wconf 88' lang='lat' dir='ltr'>Sapie‘ntiae.</span> <span class='ocrx_word' id='word_1_88' title='bbox 1590 1712 1663 1726; x_wconf 89' lang='lat'>—-</span> <span class='ocrx_word' id='word_1_89' title='bbox 1704 1671 1868 1743; x_wconf 88' lang='lat' dir='ltr'>Hoc</span> <span class='ocrx_word' id='word_1_90' title='bbox 1894 1697 2099 1768; x_wconf 80' lang='lat' dir='ltr'>erge,</span> <span class='ocrx_word' id='word_1_91' title='bbox 2128 1670 2333 1765; x_wconf 89' lang='lat' dir='ltr'>quod</span> <span class='ocrx_word' id='word_1_92' title='bbox 2360 1696 2571 1744; x_wconf 77' lang='lat' dir='ltr'>vocas</span> 
     </span>
     <span class='ocr_line' id='line_1_13' title="bbox 645 1781 2569 1876; baseline 0 -22"><span class='ocrx_word' id='word_1_93' title='bbox 645 1806 927 1873; x_wconf 86' lang='lat' dir='ltr'>sapere,</span> <span class='ocrx_word' id='word_1_94' title='bbox 959 1797 1206 1853; x_wconf 89' lang='lat' dir='ltr'>utrum</span> <span class='ocrx_word' id='word_1_95' title='bbox 1245 1781 1411 1854; x_wconf 87' lang='lat' dir='ltr'>facit</span> <span class='ocrx_word' id='word_1_96' title='bbox 1434 1782 1843 1876; x_wconf 79' lang='lat' dir='ltr'>sapientiam</span> <span class='ocrx_word' id='word_1_97' title='bbox 1864 1833 1887 1872; x_wconf 94' lang='lat'>,</span> <span class='ocrx_word' id='word_1_98' title='bbox 1912 1805 2005 1852; x_wconf 84' lang='lat' dir='ltr'>an</span> <span class='ocrx_word' id='word_1_99' title='bbox 2040 1781 2359 1875; x_wconf 80' lang='lat' dir='ltr'>patitur?</span> <span class='ocrx_word' id='word_1_100' title='bbox 2398 1781 2569 1854; x_wconf 84' lang='lat' dir='ltr'>Sive</span> 
     </span>
     <span class='ocr_line' id='line_1_14' title="bbox 647 1891 2565 1989; baseline -0.001 -25"><span class='ocrx_word' id='word_1_101' title='bbox 647 1891 812 1964; x_wconf 83' lang='lat' dir='ltr'>facit</span> <span class='ocrx_word' id='word_1_102' title='bbox 860 1893 1039 1962; x_wconf 87' lang='lat' dir='ltr'>illud</span> <span class='ocrx_word' id='word_1_103' title='bbox 1065 1943 1090 1979; x_wconf 92' lang='lat'>,</span> <span class='ocrx_word' id='word_1_104' title='bbox 1135 1892 1280 1962; x_wconf 86' lang='lat' dir='ltr'>sive</span> <span class='ocrx_word' id='word_1_105' title='bbox 1324 1894 1593 1987; x_wconf 88' lang='lat' dir='ltr'>patitur</span> <span class='ocrx_word' id='word_1_106' title='bbox 1615 1944 1638 1979; x_wconf 92' lang='lat'>,</span> <span class='ocrx_word' id='word_1_107' title='bbox 1686 1911 1997 1988; x_wconf 79' lang='lat' dir='ltr'>utroque</span> <span class='ocrx_word' id='word_1_108' title='bbox 2032 1891 2265 1965; x_wconf 86' lang='lat' dir='ltr'>modo</span> <span class='ocrx_word' id='word_1_109' title='bbox 2303 1915 2565 1989; x_wconf 77' lang='lat' dir='ltr'>corpus</span> 
     </span>
     <span class='ocr_line' id='line_1_15' title="bbox 645 2002 2557 2099; baseline 0.001 -27"><span class='ocrx_word' id='word_1_110' title='bbox 645 2021 769 2072; x_wconf 80' lang='lat' dir='ltr'>est.</span> <span class='ocrx_word' id='word_1_111' title='bbox 802 2003 986 2072; x_wconf 88' lang='lat' dir='ltr'>Nam</span> <span class='ocrx_word' id='word_1_112' title='bbox 1012 2050 1035 2087; x_wconf 92' lang='lat'>,</span> <span class='ocrx_word' id='word_1_113' title='bbox 1071 2019 1146 2071; x_wconf 88' lang='lat' dir='ltr'>et</span> <span class='ocrx_word' id='word_1_114' title='bbox 1172 2002 1376 2094; x_wconf 88' lang='lat' dir='ltr'>quod</span> <span class='ocrx_word' id='word_1_115' title='bbox 1408 2003 1487 2072; x_wconf 84' lang='lat' dir='ltr'>fit</span> <span class='ocrx_word' id='word_1_116' title='bbox 1506 2055 1527 2083; x_wconf 81' lang='lat'>‚</span> <span class='ocrx_word' id='word_1_117' title='bbox 1563 2020 1637 2074; x_wconf 83' lang='lat' dir='ltr'>et</span> <span class='ocrx_word' id='word_1_118' title='bbox 1660 2007 1864 2096; x_wconf 89' lang='lat' dir='ltr'>quod</span> <span class='ocrx_word' id='word_1_119' title='bbox 1891 2003 2054 2075; x_wconf 89' lang='lat' dir='ltr'>facit</span> <span class='ocrx_word' id='word_1_120' title='bbox 2072 2055 2097 2093; x_wconf 92' lang='lat'>,</span> <span class='ocrx_word' id='word_1_121' title='bbox 2126 2024 2385 2099; x_wconf 86' lang='lat' dir='ltr'>corpus</span> <span class='ocrx_word' id='word_1_122' title='bbox 2416 2020 2557 2074; x_wconf 72' lang='lat' dir='ltr'>este</span> 
     </span>
     <span class='ocr_line' id='line_1_16' title="bbox 641 2112 2569 2203; baseline 0 -19"><span class='ocrx_word' id='word_1_123' title='bbox 641 2114 700 2184; x_wconf 81' lang='lat' dir='ltr'>si</span> <span class='ocrx_word' id='word_1_124' title='bbox 732 2133 988 2203; x_wconf 87' lang='lat' dir='ltr'>corpus</span> <span class='ocrx_word' id='word_1_125' title='bbox 1021 2129 1122 2181; x_wconf 84' lang='lat' dir='ltr'>est</span> <span class='ocrx_word' id='word_1_126' title='bbox 1147 2160 1168 2195; x_wconf 95' lang='lat'>,</span> <span class='ocrx_word' id='word_1_127' title='bbox 1203 2112 1489 2184; x_wconf 88' lang='lat' dir='ltr'>bonum</span> <span class='ocrx_word' id='word_1_128' title='bbox 1522 2131 1653 2182; x_wconf 81' lang='lat' dir='ltr'>est:</span> <span class='ocrx_word' id='word_1_129' title='bbox 1696 2139 1927 2184; x_wconf 86' lang='lat' dir='ltr'>unum</span> <span class='ocrx_word' id='word_1_130' title='bbox 1957 2114 2153 2184; x_wconf 86' lang='lat' dir='ltr'>enim</span> <span class='ocrx_word' id='word_1_131' title='bbox 2198 2113 2437 2184; x_wconf 83' lang='lat' dir='ltr'>deerat</span> <span class='ocrx_word' id='word_1_132' title='bbox 2476 2116 2569 2184; x_wconf 82' lang='lat' dir='ltr'>il-</span> 
     </span>
     <span class='ocr_line' id='line_1_17' title="bbox 641 2218 2663 2348; baseline 0.003 -56"><span class='ocrx_word' id='word_1_133' title='bbox 641 2218 737 2304; x_wconf 83' lang='lat' dir='ltr'>li,</span> <span class='ocrx_word' id='word_1_134' title='bbox 773 2241 924 2312; x_wconf 90' lang='lat' dir='ltr'>quo</span> <span class='ocrx_word' id='word_1_135' title='bbox 969 2219 1206 2290; x_wconf 82' lang='lat' dir='ltr'>minus</span> <span class='ocrx_word' id='word_1_136' title='bbox 1247 2221 1531 2300; x_wconf 82' lang='lat' dir='ltr'>bonum</span> <span class='ocrx_word' id='word_1_137' title='bbox 1570 2238 1784 2348; x_wconf 32' lang='lat' dir='ltr'>essetx,</span> <span class='ocrx_word' id='word_1_138' title='bbox 1844 2221 2059 2318; x_wconf 90' lang='lat' dir='ltr'>quod</span> <span class='ocrx_word' id='word_1_139' title='bbox 2112 2223 2563 2318; x_wconf 77' lang='lat' dir='ltr'>incorporale</span> <span class='ocrx_word' id='word_1_140' title='bbox 2656 2309 2663 2314; x_wconf 44' lang='grc'><strong>,</strong></span> 
     </span>
     <span class='ocr_line' id='line_1_18' title="bbox 637 2347 2577 2419; baseline 0.002 -19"><span class='ocrx_word' id='word_1_141' title='bbox 637 2347 816 2408; x_wconf 65' lang='lat' dir='ltr'>erat.</span> <span class='ocrx_word' id='word_1_142' title='bbox 1379 2359 1389 2366; x_wconf 82' lang='lat'><em>·</em></span> <span class='ocrx_word' id='word_1_143' title='bbox 2566 2411 2577 2419; x_wconf 59' lang='grc'><em>,</em></span> 
     </span>
     <span class='ocr_line' id='line_1_19' title="bbox 742 2444 2566 2543; baseline 0.001 -28"><span class='ocrx_word' id='word_1_144' title='bbox 742 2446 1214 2543; x_wconf 81' lang='lat' dir='ltr'>Peripateticis</span> <span class='ocrx_word' id='word_1_145' title='bbox 1235 2449 1494 2541; x_wconf 88' lang='lat' dir='ltr'>placet,</span> <span class='ocrx_word' id='word_1_146' title='bbox 1518 2450 1691 2520; x_wconf 82' lang='lat' dir='ltr'>nihil</span> <span class='ocrx_word' id='word_1_147' title='bbox 1719 2450 2045 2520; x_wconf 84' lang='lat' dir='ltr'>interesse</span> <span class='ocrx_word' id='word_1_148' title='bbox 2065 2448 2248 2521; x_wconf 79' lang='lat' dir='ltr'>inter</span> <span class='ocrx_word' id='word_1_149' title='bbox 2270 2444 2566 2541; x_wconf 87' lang='lat' dir='ltr'>Sapien-</span> 
     </span>
     <span class='ocr_line' id='line_1_20' title="bbox 643 2552 2571 2648; baseline 0.001 -24"><span class='ocrx_word' id='word_1_150' title='bbox 643 2552 817 2625; x_wconf 71' lang='lat' dir='ltr'>tiam</span> <span class='ocrx_word' id='word_1_151' title='bbox 847 2574 919 2625; x_wconf 89' lang='lat' dir='ltr'>et</span> <span class='ocrx_word' id='word_1_152' title='bbox 945 2580 1221 2647; x_wconf 83' lang='lat' dir='ltr'>sapere,</span> <span class='ocrx_word' id='word_1_153' title='bbox 1251 2579 1483 2648; x_wconf 90' lang='lat' dir='ltr'>quum</span> <span class='ocrx_word' id='word_1_154' title='bbox 1513 2561 1586 2628; x_wconf 87' lang='lat' dir='ltr'>in</span> <span class='ocrx_word' id='word_1_155' title='bbox 1626 2564 1968 2632; x_wconf 86' lang='lat' dir='ltr'>utrolibet</span> <span class='ocrx_word' id='word_1_156' title='bbox 2008 2584 2259 2633; x_wconf 87' lang='lat' dir='ltr'>eorum</span> <span class='ocrx_word' id='word_1_157' title='bbox 2290 2574 2365 2629; x_wconf 89' lang='lat' dir='ltr'>et</span> <span class='ocrx_word' id='word_1_158' title='bbox 2388 2559 2571 2627; x_wconf 85' lang='lat' dir='ltr'>alte-</span> 
     </span>
     <span class='ocr_line' id='line_1_21' title="bbox 641 2664 2575 2763; baseline 0.003 -32"><span class='ocrx_word' id='word_1_159' title='bbox 641 2687 808 2742; x_wconf 78' lang='lat' dir='ltr'>rum</span> <span class='ocrx_word' id='word_1_160' title='bbox 828 2664 933 2734; x_wconf 80' lang='lat' dir='ltr'>sit.</span> <span class='ocrx_word' id='word_1_161' title='bbox 983 2665 1364 2757; x_wconf 86' lang='lat' dir='ltr'>Numquid</span> <span class='ocrx_word' id='word_1_162' title='bbox 1392 2670 1585 2737; x_wconf 88' lang='lat' dir='ltr'>enim</span> <span class='ocrx_word' id='word_1_163' title='bbox 1612 2694 2057 2763; x_wconf 84' lang='lat' dir='ltr'>quemquam</span> <span class='ocrx_word' id='word_1_164' title='bbox 2088 2670 2435 2741; x_wconf 80' lang='lat' dir='ltr'>existimas</span> <span class='ocrx_word' id='word_1_165' title='bbox 2460 2690 2575 2737; x_wconf 84' lang='lat' dir='ltr'>sa-</span> 
     </span>
     <span class='ocr_line' id='line_1_22' title="bbox 643 2771 2575 2873; baseline 0.005 -29"><span class='ocrx_word' id='word_1_166' title='bbox 643 2796 841 2867; x_wconf 80' lang='lat' dir='ltr'>pere,</span> <span class='ocrx_word' id='word_1_167' title='bbox 859 2774 988 2845; x_wconf 87' lang='lat' dir='ltr'>nisi</span> <span class='ocrx_word' id='word_1_168' title='bbox 1009 2771 1134 2867; x_wconf 93' lang='lat' dir='ltr'>qui</span> <span class='ocrx_word' id='word_1_169' title='bbox 1163 2773 1595 2869; x_wconf 81' lang='lat' dir='ltr'>Sapientiam</span> <span class='ocrx_word' id='word_1_170' title='bbox 1618 2780 1877 2853; x_wconf 82' lang='lat' dir='ltr'>habet?</span> <span class='ocrx_word' id='word_1_171' title='bbox 1901 2779 2283 2873; x_wconf 85' lang='lat' dir='ltr'>Numquid</span> <span class='ocrx_word' id='word_1_172' title='bbox 2307 2802 2575 2871; x_wconf 86' lang='lat' dir='ltr'>quem-</span> 
     </span>
     <span class='ocr_line' id='line_1_23' title="bbox 645 2883 2572 2981; baseline 0.006 -32"><span class='ocrx_word' id='word_1_173' title='bbox 645 2904 866 2972; x_wconf 87' lang='lat' dir='ltr'>quam</span> <span class='ocrx_word' id='word_1_174' title='bbox 893 2934 914 2969; x_wconf 94' lang='lat'>,</span> <span class='ocrx_word' id='word_1_175' title='bbox 945 2883 1072 2973; x_wconf 89' lang='lat' dir='ltr'>qui</span> <span class='ocrx_word' id='word_1_176' title='bbox 1099 2886 1316 2975; x_wconf 85' lang='lat' dir='ltr'>sapiat</span> <span class='ocrx_word' id='word_1_177' title='bbox 1335 2936 1356 2971; x_wconf 91' lang='lat'>,</span> <span class='ocrx_word' id='word_1_178' title='bbox 1389 2908 1540 2956; x_wconf 88' lang='lat' dir='ltr'>non</span> <span class='ocrx_word' id='word_1_179' title='bbox 1564 2906 1771 2980; x_wconf 87' lang='lat' dir='ltr'>putas</span> <span class='ocrx_word' id='word_1_180' title='bbox 1803 2890 2057 2959; x_wconf 84' lang='lat' dir='ltr'>habere</span> <span class='ocrx_word' id='word_1_181' title='bbox 2083 2886 2572 2981; x_wconf 80' lang='lat' dir='ltr'>Sapientiam?</span> 
     </span>
     <span class='ocr_line' id='line_1_24' title="bbox 643 2983 2570 3091; baseline 0.007 -32"><span class='ocrx_word' id='word_1_182' title='bbox 643 2983 1008 3059; x_wconf 86' lang='lat' dir='ltr'>Dialectici</span> <span class='ocrx_word' id='word_1_183' title='bbox 1029 3010 1294 3061; x_wconf 84' lang='lat' dir='ltr'>veteres</span> <span class='ocrx_word' id='word_1_184' title='bbox 1333 2993 1457 3063; x_wconf 89' lang='lat' dir='ltr'>ista</span> <span class='ocrx_word' id='word_1_185' title='bbox 1492 2994 1974 3091; x_wconf 82' lang='lat' dir='ltr'>distinguunt:</span> <span class='ocrx_word' id='word_1_186' title='bbox 2013 2998 2105 3068; x_wconf 90' lang='lat' dir='ltr'>ab</span> <span class='ocrx_word' id='word_1_187' title='bbox 2146 2999 2277 3067; x_wconf 89' lang='lat' dir='ltr'>illis</span> <span class='ocrx_word' id='word_1_188' title='bbox 2308 2997 2570 3072; x_wconf 83' lang='lat' dir='ltr'>divisio</span> 
     </span>
     <span class='ocr_line' id='line_1_25' title="bbox 643 3094 2566 3209; baseline 0.006 -42"><span class='ocrx_word' id='word_1_189' title='bbox 643 3119 874 3189; x_wconf 72' lang='lat' dir='ltr'>usque</span> <span class='ocrx_word' id='word_1_190' title='bbox 915 3094 1004 3167; x_wconf 76' lang='lat' dir='ltr'>ad</span> <span class='ocrx_word' id='word_1_191' title='bbox 1045 3096 1319 3172; x_wconf 85' lang='lat' dir='ltr'>Stoicos</span> <span class='ocrx_word' id='word_1_192' title='bbox 1358 3104 1573 3173; x_wconf 87' lang='lat' dir='ltr'>venit.</span> <span class='ocrx_word' id='word_1_193' title='bbox 1636 3106 1883 3209; x_wconf 73' lang='lat' dir='ltr'>Qualis</span> <span class='ocrx_word' id='word_1_194' title='bbox 1922 3108 2009 3177; x_wconf 85' lang='lat' dir='ltr'>sit</span> <span class='ocrx_word' id='word_1_195' title='bbox 2048 3108 2255 3195; x_wconf 87' lang='lat' dir='ltr'>haec,</span> <span class='ocrx_word' id='word_1_196' title='bbox 2303 3108 2566 3179; x_wconf 87' lang='lat' dir='ltr'>dicam.</span> 
     </span>
     <span class='ocr_line' id='line_1_26' title="bbox 637 3204 2572 3309; baseline 0.006 -32"><span class='ocrx_word' id='word_1_197' title='bbox 637 3204 866 3279; x_wconf 71' lang='lat' dir='ltr'>Aliud</span> <span class='ocrx_word' id='word_1_198' title='bbox 909 3224 1010 3278; x_wconf 87' lang='lat' dir='ltr'>est</span> <span class='ocrx_word' id='word_1_199' title='bbox 1056 3227 1260 3307; x_wconf 73' lang='lat' dir='ltr'>ager,</span> <span class='ocrx_word' id='word_1_200' title='bbox 1323 3213 1519 3282; x_wconf 87' lang='lat' dir='ltr'>aliud</span> <span class='ocrx_word' id='word_1_201' title='bbox 1576 3236 1821 3309; x_wconf 87' lang='lat' dir='ltr'>agrum</span> <span class='ocrx_word' id='word_1_202' title='bbox 1876 3214 2178 3286; x_wconf 79' lang='lat' dir='ltr'>habere:</span> <span class='ocrx_word' id='word_1_203' title='bbox 2250 3204 2572 3309; x_wconf 81' lang='lat' dir='ltr'>quidni?</span> 
     </span>
     <span class='ocr_line' id='line_1_27' title="bbox 641 3318 2569 3423; baseline 0.007 -37"><span class='ocrx_word' id='word_1_204' title='bbox 641 3340 874 3411; x_wconf 88' lang='lat' dir='ltr'>quum</span> <span class='ocrx_word' id='word_1_205' title='bbox 905 3318 1164 3389; x_wconf 85' lang='lat' dir='ltr'>habere</span> <span class='ocrx_word' id='word_1_206' title='bbox 1185 3341 1432 3417; x_wconf 83' lang='lat' dir='ltr'>agrum</span> <span class='ocrx_word' id='word_1_207' title='bbox 1460 3323 1553 3392; x_wconf 90' lang='lat' dir='ltr'>ad</span> <span class='ocrx_word' id='word_1_208' title='bbox 1573 3324 1989 3413; x_wconf 87' lang='lat' dir='ltr'>habentem,</span> <span class='ocrx_word' id='word_1_209' title='bbox 2020 3351 2173 3397; x_wconf 91' lang='lat' dir='ltr'>non</span> <span class='ocrx_word' id='word_1_210' title='bbox 2194 3326 2289 3396; x_wconf 83' lang='lat' dir='ltr'>ad-</span> <span class='ocrx_word' id='word_1_211' title='bbox 2306 3350 2569 3423; x_wconf 87' lang='lat' dir='ltr'>agrum</span> 
     </span>
     <span class='ocr_line' id='line_1_28' title="bbox 639 3428 2568 3533; baseline 0.005 -35.488"><span class='ocrx_word' id='word_1_212' title='bbox 639 3428 1011 3521; x_wconf 82' lang='lat' dir='ltr'>pertineat.</span> <span class='ocrx_word' id='word_1_213' title='bbox 1050 3428 1165 3502; x_wconf 87' lang='lat' dir='ltr'>Sic</span> <span class='ocrx_word' id='word_1_214' title='bbox 1216 3432 1412 3501; x_wconf 83' lang='lat' dir='ltr'>aliud</span> <span class='ocrx_word' id='word_1_215' title='bbox 1456 3450 1565 3533; x_wconf 14' lang='lat' dir='ltr'>*est</span> <span class='ocrx_word' id='word_1_216' title='bbox 1612 3431 2011 3528; x_wconf 84' lang='lat' dir='ltr'>Sapientia,</span> <span class='ocrx_word' id='word_1_217' title='bbox 2060 3435 2256 3506; x_wconf 87' lang='lat' dir='ltr'>aliud</span> <span class='ocrx_word' id='word_1_218' title='bbox 2293 3460 2568 3529; x_wconf 83' lang='lat' dir='ltr'>sapere.</span> 
     </span>
     <span class='ocr_line' id='line_1_29' title="bbox 601 3538 2608 3639; baseline 0.005 -30"><span class='ocrx_word' id='word_1_219' title='bbox 601 3593 618 3599; x_wconf 87' lang='lat'>-</span> <span class='ocrx_word' id='word_1_220' title='bbox 640 3538 830 3610; x_wconf 85' lang='lat' dir='ltr'>Puto</span> <span class='ocrx_word' id='word_1_221' title='bbox 855 3540 1202 3611; x_wconf 85' lang='lat' dir='ltr'>concedes</span> <span class='ocrx_word' id='word_1_222' title='bbox 1227 3539 1379 3613; x_wconf 88' lang='lat' dir='ltr'>duo</span> <span class='ocrx_word' id='word_1_223' title='bbox 1420 3566 1559 3615; x_wconf 85' lang='lat' dir='ltr'>esse</span> <span class='ocrx_word' id='word_1_224' title='bbox 1598 3546 1769 3616; x_wconf 85' lang='lat' dir='ltr'>haec</span> <span class='ocrx_word' id='word_1_225' title='bbox 1788 3598 1809 3633; x_wconf 92' lang='lat'>,</span> <span class='ocrx_word' id='word_1_226' title='bbox 1861 3545 1938 3618; x_wconf 84' lang='lat' dir='ltr'>id</span> <span class='ocrx_word' id='word_1_227' title='bbox 1966 3548 2167 3639; x_wconf 88' lang='lat' dir='ltr'>quod</span> <span class='ocrx_word' id='word_1_228' title='bbox 2198 3547 2515 3619; x_wconf 85' lang='lat' dir='ltr'>habetur</span> <span class='ocrx_word' id='word_1_229' title='bbox 2542 3602 2568 3636; x_wconf 91' lang='lat'>,</span> <span class='ocrx_word' id='word_1_230' title='bbox 2594 3546 2608 3556; x_wconf 78' lang='grc'><strong>’</strong></span> 
     </span>
     <span class='ocr_line' id='line_1_30' title="bbox 641 3648 2564 3752; baseline 0.007 -37"><span class='ocrx_word' id='word_1_231' title='bbox 641 3664 712 3717; x_wconf 84' lang='lat' dir='ltr'>et</span> <span class='ocrx_word' id='word_1_232' title='bbox 735 3671 901 3720; x_wconf 84' lang='lat' dir='ltr'>eum</span> <span class='ocrx_word' id='word_1_233' title='bbox 933 3648 1056 3742; x_wconf 89' lang='lat' dir='ltr'>qui</span> <span class='ocrx_word' id='word_1_234' title='bbox 1090 3650 1337 3722; x_wconf 80' lang='lat' dir='ltr'>habet:</span> <span class='ocrx_word' id='word_1_235' title='bbox 1369 3652 1672 3726; x_wconf 82' lang='lat' dir='ltr'>habetur</span> <span class='ocrx_word' id='word_1_236' title='bbox 1700 3652 2092 3750; x_wconf 80' lang='lat' dir='ltr'>Sapientia3</span> <span class='ocrx_word' id='word_1_237' title='bbox 2130 3656 2385 3743; x_wconf 88' lang='lat' dir='ltr'>habet,</span> <span class='ocrx_word' id='word_1_238' title='bbox 2420 3659 2564 3752; x_wconf 86' lang='lat' dir='ltr'>qui</span> 
     </span>
     <span class='ocr_line' id='line_1_31' title="bbox 641 3754 2566 3859; baseline 0.007 -34"><span class='ocrx_word' id='word_1_239' title='bbox 641 3757 837 3859; x_wconf 79' lang='lat' dir='ltr'>sapit.</span> <span class='ocrx_word' id='word_1_240' title='bbox 883 3754 1240 3851; x_wconf 83' lang='lat' dir='ltr'>Sapientia</span> <span class='ocrx_word' id='word_1_241' title='bbox 1287 3779 1389 3832; x_wconf 86' lang='lat' dir='ltr'>est</span> <span class='ocrx_word' id='word_1_242' title='bbox 1428 3788 1629 3834; x_wconf 83' lang='lat' dir='ltr'>mens</span> <span class='ocrx_word' id='word_1_243' title='bbox 1668 3768 2017 3857; x_wconf 84' lang='lat' dir='ltr'>perfecta,</span> <span class='ocrx_word' id='word_1_244' title='bbox 2066 3767 2179 3837; x_wconf 85' lang='lat' dir='ltr'>vel</span> <span class='ocrx_word' id='word_1_245' title='bbox 2219 3766 2316 3836; x_wconf 86' lang='lat' dir='ltr'>ad</span> <span class='ocrx_word' id='word_1_246' title='bbox 2359 3790 2566 3837; x_wconf 86' lang='lat' dir='ltr'>sum-</span> 
     </span>
     <span class='ocr_line' id='line_1_32' title="bbox 641 3871 2567 3971; baseline 0.004 -32"><span class='ocrx_word' id='word_1_247' title='bbox 641 3890 845 3941; x_wconf 86' lang='lat' dir='ltr'>mum</span> <span class='ocrx_word' id='word_1_248' title='bbox 889 3871 1399 3971; x_wconf 80' lang='lat' dir='ltr'>optimumque</span> <span class='ocrx_word' id='word_1_249' title='bbox 1434 3874 1809 3970; x_wconf 69' lang='lat' dir='ltr'>petducta5</span> <span class='ocrx_word' id='word_1_250' title='bbox 1866 3900 1969 3947; x_wconf 81' lang='lat' dir='ltr'>ars</span> <span class='ocrx_word' id='word_1_251' title='bbox 1990 3876 2197 3949; x_wconf 74' lang='lat' dir='ltr'>&#39;enim</span> <span class='ocrx_word' id='word_1_252' title='bbox 2224 3878 2408 3949; x_wconf 82' lang='lat' dir='ltr'>vitae</span> <span class='ocrx_word' id='word_1_253' title='bbox 2430 3893 2567 3947; x_wconf 87' lang='lat' dir='ltr'>est.</span> 
     </span>
    </p>
   </div>
   <div class='ocr_carea' id='block_1_3' title="bbox 2734 3450 2751 4476">
    <p class='ocr_par' dir='ltr' id='par_1_3' title="bbox 2734 3450 2751 4476">
     <span class='ocr_line' id='line_1_33' title="bbox 2734 3450 2751 4476; baseline 0 0"><span class='ocrx_word' id='word_1_254' title='bbox 2734 3450 2751 4476; x_wconf 95' lang='lat' dir='ltr'> </span> 
     </span>
    </p>
   </div>
  </div>
 </body>
</html>
