2759 4825
603 370 1411 494 EPI'STOLA
1492 346 1843 470 cxvii.
2044 334 2231 499 187⁵

267 550 448 623 dum
485 552 633 624 illas
670 553 967 638 solvisti3
1007 553 1146 640 iam
1179 555 1534 641 cavillaris.
1592 557 1835 660 Quam
1874 559 2178 634 stultum

150 761 160 767 μ
263 679 369 734 est
391 713 416 749 ,
455 687 688 756 quum
736 663 1016 761 signum
1055 689 1340 762 pugnae
1382 667 1774 759 acceperis,
1802 668 2177 741 ventilare!

257 771 590 844 Remove
623 772 749 844 ista
787 774 1040 844 lusoria
1089 799 1322 861 arma3
1375 776 1780 848 decretoriis
1828 803 2011 872 opus
2054 793 2179 850 est.
2268 801 2278 811 ‘

257 877 446 968 Dic,
496 882 956 972 qua-ratione
1003 885 1198 952 nulla
1246 884 1573 954 animum
1614 883 1884 956 tristitia
1908 934 1931 971 3
1980 888 2180 957 nulla

253 986 580 1063 formido
613 991 1018 1084 perturbet3
1077 1015 1219 1083 qua
1268 992 1539 1063 ratione
1579 993 1718 1064 hoc
1756 1013 2177 1068 secretarum

252 1098 736 1194 eupiditatum
771 1100 1056 1192 pondus
1109 1099 1497 1172 effundam.
1546 1100 1817 1198 Agatur
1857 1105 2172 1196 aliquid!

249 1261 339 1278 ..-
360 1207 778 1302 „Sapientia
803 1212 1084 1280 bonum
1101 1225 1224 1297 est,
1251 1235 1489 1302 sapere
1514 1233 1663 1280 non
1684 1227 1783 1281 est
1809 1211 2177 1296 bonum.“

183 1335 188 1340 ’
251 1317 374 1392 Sic
403 1322 530 1409 fit,
562 1323 732 1417 [ut]
777 1345 1118 1417 negemur
1149 1345 1423 1414 sapere,
1472 1338 1555 1390 ut
1589 1321 1729 1393 hoc
1758 1313 1999 1394 totum
2026 1342 2177 1394 stu-

259 1429 468 1502 dium
505 1431 948 1558 derideatur,
1001 1449 1370 1524 tamquam
1420 1449 1793 1525 operatum
1846 1454 2179 1526 superva-

261 1563 426 1614 culs-

383 1639 633 1748 Quid,
681 1642 734 1714 si
771 1643 974 1712 scires
1013 1640 1223 1712 etiarn
1266 1639 1449 1710 illud
1486 1640 1762 1732 quaeri,
1812 1666 1897 1712 an
1948 1642 2175 1712 bonum

253 1755 346 1822 sit
371 1751 628 1850 sutura
666 1755 1052 1851 sapientia?
1081 1751 1309 1856 Quid
1364 1751 1560 1822 enim
1608 1749 1815 1820 dubii
1858 1764 1998 1837 est,
2042 1773 2175 1820 oro

253 1880 381 1948 te,
419 1886 514 1932 an
543 1875 674 1934 n‘ec
701 1864 996 1932 messem
1028 1861 1402 1932 futuram
1384 1885 1525 1932 iam
1554 1859 1855 1932 sentiant
1884 1861 2169 1948 horrea,

254 1996 391 2044 nec
431 1971 750 2046 futuram
795 1973 1341 2044 adolescentiam
1392 1970 1705 2066 pueritia
1742 1971 2009 2044 viribus
2046 1987 2173 2044 aut

255 2086 410 2155 ullo
451 2083 714 2155 robore
747 2083 1147 2181 intelligat?
1196 2081 1474 2180 Aegro
1456 2084 1741 2156 interim
1772 2083 1954 2154 nihil
1994 2109 2172 2155 ven-

251 2212 413 2270 tura
449 2197 696 2268 sanitas
735 2197 1060 2290 prodest,
1112 2221 1264 2268 non
1283 2198 1563 2292 magis,
1612 2219 1833 2290 quam
1880 2219 2177 2267 curren·-

253 2321 404 2374 tem
427 2305 972 2398 luctantemque
987 2319 1150 2398 post
1176 2305 1441 2376 multos
1470 2319 1943 2397 sequuturum
1972 2327 2181 2373 men·-

252 2436 354 2483 ses
370 2411 608 2488 otium
630 2412 870 2484 reficit.
913 2412 1098 2516 Quis
1119 2411 1340 2484 nescit
1363 2411 1502 2482 hoc
1520 2415 1673 2504 ipso
1694 2435 1845 2481 non
1874 2434 2014 2481 esse
2038 2408 2169 2489 bo·

251 2547 436 2595 num
469 2522 596 2613 id,
650 2525 856 2617 quod
898 2522 1220 2597 futurum
1261 2540 1402 2611 est,
1458 2522 1623 2615 quia
1662 2520 1983 2593 futurum
2016 2522 2171 2594 est?
2258 2496 2270 2525 ⁹

253 2630 444 2704 Nam
461 2685 484 2721 ,
516 2634 720 2725 quod
743 2633 1021 2706 bonum
1041 2650 1172 2723 est,
1197 2634 1453 2727 utique
1474 2630 1795 2727 prodest:
1822 2630 1953 2701 nisi
1974 2654 2172 2723 prae-

251 2746 519 2833 sentia,
575 2744 904 2838 prodesse
947 2770 1099 2819 non
1139 2762 1454 2839 possunt.
1518 2742 1589 2816 Si
1630 2766 1782 2813 non
1828 2742 2165 2835 prodest,

254 2851 540 2925 bonnm
569 2878 720 2927 non
747 2873 882 2941 est3
911 2856 965 2925 si
992 2856 1367 2977 prodest,
1351 2876 1486 2923 iarn
1518 2866 1638 2921 est.
1669 2850 1979 2921 Futurus
2004 2874 2165 2920 sum

253 2962 558 3055 sapiens:
605 2964 764 3034 hoc
774 2964 1054 3035 bonum
1085 2964 1244 3049 erit,
1305 2984 1537 3055 quum
1578 2960 1827 3045 fuero3
1876 2958 2167 3029 interim

253 3094 409 3145 non
445 3092 568 3146 est.
600 3076 796 3148 Prius
841 3078 1112 3170 aliquid
1149 3102 1288 3149 esse
1327 3075 1592 3162 debet,
1638 3072 1901 3149 deinde
1957 3072 2169 3166 quale

255 3192 416 3256 esse.
461 3186 914 3289 QuomodO,
965 3213 1094 3258 oro
1131 3206 1240 3273 te,
1283 3184 1489 3279 quod
1532 3181 1769 3254 adhuc
1813 3183 1991 3253 nihil
2019 3198 2161 3267 est,

251 3293 396 3363 iam
425 3292 706 3365 bonurn
735 3294 878 3366 est?
928 3294 1333 3399 Quomodo
1375 3311 1621 3389 autem
1646 3292 1779 3362 tibi
1812 3291 2027 3389 magis
2064 3289 2167 3360 vis
2248 3294 2257 3310 ⁸

251 3402 580 3497 probari,
609 3428 760 3475 non
786 3428 927 3475 esse
949 3402 1223 3495 aliquid
1241 3452 1266 3490 ,
1303 3425 1523 3494 quam
1552 3400 1605 3471 si
1642 3400 1891 3473 dixero
1907 3450 1933 3489 ,
1960 3400 2167 3497 futu-

256 3540 402 3589 rum
445 3522 602 3587 est?
650 3514 1014 3603 Nondum,
1047 3513 1234 3587 enim
1266 3514 1533 3583 venisse
1576 3510 1905 3605 adparet,
1958 3506 2165 3601 quod

261 3627 477 3701 venit.
509 3626 656 3699 Ver
675 3645 1156 3719 sequuturum
1183 3638 1284 3695 est
1294 3648 1314 3709 3
1343 3623 1487 3693 scio
1515 3642 1708 3691 nunc
1730 3620 2040 3689 hiemem
2068 3640 2166 3687 es·

253 3760 367 3806 se:
406 3750 1027 3828 aestassequutura
1060 3745 1204 3817 est3
1245 3730 1391 3801 scio
1434 3743 1764 3800 aestatem
1802 3748 1954 3797 non
2002 3748 2163 3795 esse.

257 3844 670 3929 Maximum
700 3861 1201 3946 argumentum
1219 3840 1452 3915 habeo
1474 3836 1819 3939 nondum
1848 3858 2169 3933 praesen·
