2759 4825
611 376 733 455 246
1156 368 1970 437 PRAEFATIO.

610 522 763 589 libet
796 534 1011 609 omnes
1055 516 1319 583 Senecae
1358 514 1656 601 Epistolas
1698 515 2072 579 continebat.
2105 516 2252 599 ⁵Qui
2280 519 2538 601 quidem

612 615 791 677 sicuti
818 610 1035 695 singuli
1070 627 1133 676 et
1164 628 1362 679 aetate
1393 628 1458 673 et
1498 611 1866 692 praestantia
1907 611 2137 673 cedunt
2163 614 2394 675 nostris
2429 632 2542 675 co·

614 706 845 772 dicibus
868 731 921 764 a.
944 720 1007 767 et
1034 705 1089 763 b.
1112 704 1201 767 sic
1234 720 1313 767 ex
1338 702 1568 767 eisdem
1603 702 1906 777 nonnulli,
1929 720 1999 765 ac
2029 704 2542 785 praesertim-Pa-

614 800 817 865 latinus
852 800 1107 861 secundus
1126 844 1147 871 ,
1194 818 1257 861 et
1290 816 1432 881 post
1473 796 1631 861 hune
1679 796 2002 858 coloniensis
2016 842 2038 868 ,
2089 814 2306 857 nostro
2343 816 2458 859 ms.
2487 820 2542 860 c.

616 908 761 957 sunt
786 893 1271 973 praestantiores.
1321 890 1407 953 At
1429 904 1582 955 vero
1615 888 1796 951 etiam
1815 934 1836 963 ‚
1869 906 1905 949 e
1935 890 2246 953 contrario
2265 934 2286 964 ‚
2323 889 2434 951 ubi
2471 888 2540 949 hi

616 986 731 1067 ipsi
769 987 1054 1059 codices,
1086 1003 1243 1065 quos
1268 984 1452 1047 modo
1481 982 1764 1056 laudavi,
1803 983 2088 1047 vitiosam
2123 982 2348 1047 habent.
2377 984 2540 1048 scri-

618 1093 857 1161 pturatn
878 1124 899 1151 ,
935 1079 1021 1139 ibi
1068 1096 1526 1160 nonnumquam
1559 1078 1622 1139 in
1659 1076 1913 1139 Palatino
1949 1078 2158 1157 primo,
2197 1079 2386 1149 tertio,
2427 1091 2544 1139 aut

620 1191 842 1254 quarto,
881 1188 1123 1237 servata
1156 1187 1251 1235 est
1292 1190 1444 1233 vera
1492 1187 1600 1235 aut
1646 1189 1836 1235 verae
1878 1170 2154 1254 proxima
2191 1170 2534 1251 scriptura;

620 1264 789 1345 quod
814 1264 879 1331 in
911 1262 1251 1347 posteriore
1268 1262 1617 1343 praesertim
1645 1260 2046 1341 Epistolasum
2079 1275 2250 1344 parte
2281 1256 2542 1324 subinde

620 1356 975 1425 observasse
1012 1356 1153 1418 mihi
1192 1356 1428 1419 videor.
1468 1354 1682 1436 ltaque
1717 1356 1780 1417 iu
1813 1353 2124 1421 codicibus
2163 1354 2296 1422 istis
2311 1401 2334 1431 ,
2380 1374 2546 1437 quos

623 1452 729 1517 vel
764 1469 875 1519 nos
902 1451 1017 1532 ipsi
1050 1451 1458 1525 excussimus,
1497 1448 1600 1515 vel
1635 1466 1672 1509 e
1709 1449 1930 1530 quibus
1963 1465 2278 1531 excerptas
2313 1468 2350 1510 a
2388 1450 2548 1513 viris

624 1540 823 1609 doctis
857 1542 1151 1611 lectiones
1189 1543 1255 1607 in
1286 1542 1570 1607 manibus
1597 1540 1920 1614 habemus,
1947 1541 2106 1603 idem
2141 1540 2268 1605 fere
2300 1544 2550 1605 obtinet

624 1634 795 1715 quod
818 1634 893 1697 de
914 1634 1155 1703 duobus
1186 1636 1317 1701 aliis
1342 1636 1619 1702 codicibus
1633 1679 1658 1709 ,
1681 1657 1748 1697 ex
1763 1634 2050 1701 Britannia
2075 1634 2216 1703 olim
2233 1634 2506 1717 acceptis
2529 1678 2552 1710 ,

626 1728 886 1791 Erasmus
910 1728 1127 1795 alicubi
1155 1730 1541 1799 memoravit.
1567 1742 1590 1783 ¹

716 1833 891 1915 Typit
916 1834 1104 1897 excusi
1134 1835 1287 1909 libri,
1327 1853 1486 1917 quos
1523 1836 1588 1899 in
1621 1832 2042 1898 constituenda
2071 1835 2274 1897 nostris
2288 1829 2559 1915 exempli

630 1925 895 1989 lectione
924 1926 999 1989 ad
1018 1944 1233 1989 manus
1258 1927 1611 2003 habuimus,
1641 1944 1714 1989 ac
1733 1928 1952 2011 partim
1985 1944 2374 2001 constanter,
2410 1946 2561 2011 par-

630 2019 739 2079 tim
779 2035 931 2079 vero
978 2018 1039 2089 in
1088 2017 1307 2079 dubiis.
1336 2019 1548 2083 saltem
1597 2018 1745 2081 locis
1783 2017 2210 2095 consuluimus
2232 2063 2251 2093 ,
2299 2018 2378 2079 hi·
2405 2035 2562 2081 sunt

631 2110 783 2179 fere.
833 2110 1089 2175 Primum
1106 2158 1127 2187 ,
1168 2129 1315 2175 vetus
1356 2114 1458 2175 illa
1489 2113 1678 2175 Editio
1697 2112 2066 2195 Epistolamm
2112 2114 2330 2174 Senecae
2343 2157 2368 2185 ,
2404 2112 2560 2174 anni

558 2222 573 2235 ⁸
631 2206 877 2285 locique
897 2223 959 2266 et
982 2206 1345 2289 typographi
1387 2208 1612 2271 indicio
1640 2223 1887 2280 carens,
1915 2224 2095 2288 quam
2127 2208 2206 2269 ed.
2227 2209 2300 2267 A.
2331 2208 2566 2289 (quasi

634 2302 981 2379 Anonymam
1014 2299 1323 2380 dicerem)
1362 2301 1670 2382 insignivi.
1704 2299 1780 2363 Et
1817 2300 1974 2362 hanc
1997 2299 2240 2381 quidem
2265 2300 2341 2361 ad
2373 2301 2564 2362 codi-

633 2393 723 2462 cis
770 2393 1161 2474 manuscripti
1209 2392 1542 2476 exemplar,
1589 2394 1694 2476 qui
1735 2409 1949 2456 nostro
1992 2410 2100 2458 ms.
2131 2416 2180 2457 c.
2221 2392 2563 2456 simillimus

634 2486 855 2556 fuisset
873 2532 893 2562 ,
924 2505 1265 2568 expressam
1302 2486 1704 2569 deprehendi3
1740 2487 1827 2550 ita
1858 2501 2098 2570 tamen,
2133 2502 2204 2550 ut
2228 2486 2420 2570 proba
2443 2507 2564 2572 ge·-

636 2579 945 2658 nuinaque
964 2582 1261 2662 scriptura
1284 2579 1539 2652 subinde
1561 2581 1624 2642 in
1645 2599 1718 2646 ea
1737 2595 1982 2644 servata
1998 2580 2073 2642 sit
2093 2624 2115 2654 ,
2142 2579 2248 2644 ubi
2269 2579 2564 2646 vitiosam

636 2671 825 2739 habet
846 2688 1057 2740 noster
1074 2674 1269 2738 codex
1293 2691 1506 2736 mstus.
1524 2674 1710 2740 Porro
1733 2690 2079 2740 constanter
2105 2673 2288 2736 nobis
2301 2675 2387 2736 ob
2405 2693 2564 2738 ocu·
2645 2754 2647 2757 ι

638 2765 735 2834 los
759 2765 1125 2857 fuitptincaeps
1144 2772 1390 2836 Romana
1415 2771 1570 2836 editio
1601 2769 1948 2838 earumdem
1983 2765 2385 2850 Epi-stolarum
2401 2813 2424 2844 ,
2445 2786 2566 2830 an-

718 2949 738 2982 x
763 2931 989 2985 Erasmus
1003 2932 1055 2986 in
1075 2932 1410 2994 praefatione,
1429 2933 1565 3000 prio·
1644 2951 1734 2988 rem
1755 2934 1968 3000 colligat,
1983 2931 2054 2980 lta
2075 2947 2164 2980 nos
2181 2947 2204 2978 e
2225 2930 2420 2980 diversis
2434 2947 2566 2981 men.

640 3007 685 3058 ri
705 3025 829 3059 suae
848 3011 1058 3061 editioni
1090 3011 1315 3077 Operum
1344 3011 1560 3065 Senecae
1647 3016 1720 3062 dis
1765 3029 1918 3070 veram
1967 3011 2241 3060 eoniecimus
2295 3009 2567 3062 lectionem.

640 3084 829 3152 (quam
848 3089 1043 3152 quidem
1058 3088 1238 3141 deinde
1250 3106 1342 3156 pro
1357 3105 1449 3141 sua
1464 3091 1557 3141 ha·
1647 3091 1868 3142 caussas
1891 3103 2043 3150 vero,
2073 3102 2165 3138 cnr
2191 3102 2314 3153 prae
2333 3086 2442 3137 aliis
2462 3103 2566 3139 ve-

640 3165 749 3216 beri
766 3168 967 3234 noluit)
985 3169 1268 3231 praemissa,
1288 3185 1558 3236 postquam
1647 3183 1812 3224 terum
1845 3181 2110 3222 auctorum
2132 3167 2334 3234 scriptis
2361 3167 2572 3220 Senecae

646 3262 881 3315 mumque
898 3265 956 3302 es
968 3251 1074 3299 illis
1087 3247 1379 3302 Britannicis
1391 3255 1562 3304 codici·
1653 3251 1966 3320 potissimum
1988 3266 2140 3317 opera
2149 3289 2166 3314 ,
2183 3264 2238 3302 et
2257 3249 2312 3300 in
2330 3248 2410 3302 his
2425 3266 2575 3315 prae·

605 3377 611 3384 ,
646 3327 729 3378 bus
743 3331 1067 3380 mendosiorem
1082 3335 1290 3400 vulgatis
1300 3336 1570 3401 exemplavi·
1651 3332 1824 3384 sertim
1843 3329 2124 3400 Epistola,
2143 3331 2434 3398 prodigiose
2453 3347 2576 3380 cor·

644 3407 887 3480 kusfuisse
900 3409 1124 3466 dixerat:
1144 3409 1280 3468 Illud
1292 3415 1446 3469 tamen
1457 3431 1568 3482 pro·
1649 3424 1802 3478 rupta
1823 3411 1876 3466 in
1896 3411 2064 3466 msstis
2081 3411 2224 3465 libris
2241 3411 2303 3466 ad
2325 3427 2420 3463 nos
2443 3426 2573 3476 per-

634 3485 756 3552 ficit,
773 3486 956 3553 inquit,
973 3491 1096 3554 quod
1104 3506 1198 3540 non
1218 3492 1566 3543 consentiebant
1651 3488 1906 3552 venerint,
1921 3490 2269 3561 percommode
2280 3489 2408 3542 idem
2423 3485 2578 3538 Erus·

644 3579 815 3617 errata.
836 3563 1035 3614 Proinde
1048 3602 1065 3625 ,
1085 3571 1459 3633 quemadmodum
1477 3573 1570 3621 ali-
1651 3588 1752 3620 mus
1768 3569 2010 3636 exposuit
2029 3569 2081 3620 in
2100 3571 2323 3637 Epistola
2351 3571 2576 3620 Nuncu·

647 3647 826 3709 ςιιοεὶιε
851 3645 945 3712 fit,
980 3661 1035 3695 ur
1062 3650 1239 3712 periens
1275 3663 1323 3696 er
1356 3663 1568 3703 attentus
1651 3650 1872 3718 patoria,
1890 3649 2136 3702 secundae
2149 3651 2366 3704 Editioni
2381 3647 2576 3724 praefi-

643 3719 785 3770 t‘udex
802 3741 827 3772 e
848 3727 1094 3775 multorum
1114 3729 1301 3778 restium
1324 3732 1533 3779 oratione
1545 3765 1567 3788 ‚
1652 3745 1720 3782 xa
1733 3766 1750 3793 ,
1770 3744 1940 3801 pag.-a
1963 3745 2074 3803 seq·

648 3817 835 3878 quorum
866 3823 999 3862 nemo
1032 3824 1186 3865 tamen
1220 3827 1373 3868 urum
1405 3813 1564 3874 dicat.
