2759 4825
561 401 698 472 124
929 373 1010 446 1„
1058 371 1518 449 ANNAm
1564 313 2083 468 SENECAE

547 534 768 630 Spem
795 535 1270 629 inproborum
1291 532 1543 609 vitabis
1560 581 1583 620 ,
1622 535 1679 616 'si
1705 533 1882 618 nihil
1906 533 2231 612 habueris
2256 532 2479 658 quod:

547 645 1014 738 cupiditatem
1056 644 1358 719 alienam
1398 660 1473 718 et
1514 643 1892 736 inprobam
1938 644 2222 731 inritet,
2262 644 2317 714 si
2358 643 2483 714 ni·

546 757 692 830 hil
675 757 942 854 insigne
965 755 1370 849 possederis.
1407 754 2037 846 Concupiscuntur
2060 753 2256 828 enim
2282 754 2469 834 inei-.-

545 869 758 966 gnia,
785 866 1052 938 etiamsi
1081 887 1330 959 parum
1359 880 1535 938 nota
1558 879 1739 934 sunt.
1788 860 1904 934 Sic
1929 887 2097 940 vero
2118 855 2469 943 mvidiam

548 976 872 1072 effugies,
921 974 977 1046 si
1015 990 1090 1046 te
1127 996 1280 1044 non
1325 969 1680 1096 ingesseris
1716 971 1973 1058 oculis,
2018 971 2073 1042 si
2108 970 2301 1046 bona
2340 985 2474 1042 tua

547 1108 704 1157 non
739 1082 1133 1168 iacta-vetis,
1173 1083 1229 1152 si
1255 1082 1479 1154 scieris
1503 1079 1581 1150 in
1611 1079 1773 1152 sinu
1806 1079 2133 1177 gaudere.
2182 1077 2483 1150 Odium:

547 1212 790 1264 autem
815 1217 908 1264 ex
933 1192 1194 1266 offensa
1229 1190 1368 1262 hoc
1396 1189 1646 1262 vitabis
1665 1241 1686 1277 ,
1728 1190 2099 1266 nemi-nem
2133 1191 2476 1266 lacessen-

548 1301 648 1374 do
675 1301 1014 1397 gratuito3
1060 1325 1100 1370 a
1131 1322 1284 1392 quo
1309 1316 1383 1368 te
1410 1321 1653 1371 sensus
1676 1295 2085 1372 communis
2122 1295 2469 1404 tuebitur.

421 1463 432 1488 .
545 1409 714 1480 Fuit
742 1411 880 1482 hoc
904 1410 1146 1482 multis
1168 1409 1685 1501 periculosum:
1744 1406 2047 1500 quidam
2070 1406 2323 1481 odium
2344 1406 2479 1478 ha-
2590 1503 2599 1513 ·

545 1517 895 1603 buerunt,
936 1540 1070 1589 nec
1096 1513 1764 1602 inimicumjllud,
1802 1541 1895 1588 ne
1918 1517 2251 1602 timearis,
2275 1536 2475 1609 praed

545 1629 758 1702 stabit
792 1629 924 1699 tibi
963 1644 1038 1698 et
1067 1627 1397 1701 fortunae
1428 1627 1916 1716 mediocritas,
1952 1643 2027 1704 et
2066 1627 2337 1725 ingenii
2366 1629 2500 1710 lea,

546 1739 744 1815 nitas.
779 1737 966 1810 Eum
1009 1760 1150 1809 esse
1187 1752 1258 1810 te
1295 1737 1625 1808 homines
1670 1736 1929 1823 sciant,
1974 1761 2198 1830 quem
2244 1735 2477 1814 offen·

480 1873 492 1892 x
551 1847 720 1919 dere
741 1845 892 1914 sine
919 1845 1236 1937 periculo
1271 1847 1575 1936 possintt
1630 1845 2106 1927 reconciliatio
2130 1863 2253 1922 tua
2280 1865 2353 1918 et
2374 1845 2483 1918 fa*

552 1955 700 2027 cilis
739 1955 865 2039 sit,
898 1972 972 2024 et
997 1972 1198 2024 certa.
1243 1954 1519 2022 Timeri
1556 1972 1802 2025 autem
1832 1973 1979 2034 tam
2022 1955 2221 2034 domi
2251 1956 2483 2037 mpla-e

549 2083 735 2136 stum
769 2087 908 2150 est,
951 2089 1170 2156 quam
1197 2064 1360 2146 foris
1393 2089 1414 2148 ;
1460 2079 1607 2134 tam
1646 2090 1683 2133 a
1712 2063 1957 2149 servis,
1989 2087 2206 2155 quam
2234 2089 2273 2133 a
2298 2064 2484 2133 libe-

549 2175 656 2244 ris.
685 2174 888 2246 Nulli
917 2195 1068 2243 non
1093 2171 1187 2241 ad
1232 2173 1651 2242 nocendum
1694 2173 1847 2256 satis
1872 2169 2134 2242 virium
2156 2188 2279 2242 est.
2316 2167 2481 2241 Adl-

550 2283 684 2354 iice
711 2305 940 2370 nunc,
974 2281 1220 2375 quod,
1261 2282 1391 2374 qui
1418 2281 1714 2352 timetur
1734 2331 1759 2369 ,
1800 2282 2007 2350 timet
2040 2307 2061 2349 ε
2096 2300 2315 2350 nemo
2339 2291 2483 2371 po-

483 2466 488 2471 .
550 2398 696 2469 tuit
737 2395 1065 2466 terribilis
1113 2418 1252 2465 esse
1293 2417 1553 2465 secure.
1641 2391 2069 2461 Contemtus
2122 2404 2478 2483 superest3

553 2505 756 2577 cuius
797 2501 1102 2573 modum
1143 2504 1220 2571 in
1247 2526 1380 2571 sua*
1406 2520 1751 2596 potestate
1782 2502 2044 2591 habet,
2100 2503 2229 2601 q'ui
2272 2503 2480 2572 illum

555 2614 686 2685 sibi
711 2610 1036 2681 adiunxit
1058 2636 1088 2698 3.
1147 2612 1275 2703 qui
1301 2615 1785 2703 contemnitur
1818 2614 1989 2705 quia
2023 2612 2291 2697 voluit,
2326 2626 2479 2685 noti

555 2720 724 2813 quia
753 2718 1026 2791 debuit.
1075 2719 1303 2789 Huius
1339 2720 1896 2795 incommodum
1928 2740 2001 2816 et
2024 2737 2204 2792 artes
2243 2722 2479 2805 bonae

558 2816 974 2919 discutiunt,
998 2845 1068 2900 et
1087 2830 1431 2901 amicitiae
1454 2856 1709 2903 eorum
1728 2884 1752 2920 ,
1788 2832 1915 2923 qui
1937 2832 2134 2925 apud
2162 2831 2481 2923 aliquem

555 2954 933 3030 potentem
959 2954 1292 3029 potentes
1321 2954 1529 3009 sunt.
1590 2940 1859 3033 quibus
1893 2940 2228 3034 adplicari
2260 2962 2483 3032 expe·
2541 2998 2549 3004 .

563 3045 752 3131 diet,
799 3068 952 3117 non
1001 3046 1357 3161 inplicari3
1403 3071 1495 3121 ne
1531 3049 1749 3141 pluris
1764 3050 2217 3137 remedium,
2260 3070 2487 3143 quam

564 3152 1007 3275 periculum,
1040 3169 1336 3226 constet
1373 3156 1575 3229 Nihil
1601 3174 1841 3231 tamen
1866 3182 2094 3251 aeque
2120 3156 2485 3252 proderit,

567 3286 788 3355 quam
827 3262 1226 3355 quiescere,
1273 3282 1344 3336 et
1391 3267 1779 3359 minimum
1824 3292 1993 3339 curn
2030 3269 2179 3340 aliis
2224 3268 2485 3361 loqui,

565 3374 964 3464 plurimum
995 3394 1258 3446 secum.
1319 3356 1439 3449 Est
1468 3378 1821 3469 quaedam
1864 3379 2179 3452 dulcedo
2216 3402 2486 3457 sermo,-

565 3482 702 3573 nis,
721 3503 908 3577 quae
923 3481 1210 3577 inrepit,
1236 3500 1309 3555 et
1326 3483 1727 3573 blanditur-3
1752 3504 1849 3574 et,
1870 3510 2024 3559 non
2044 3488 2240 3559 aliter
2261 3508 2485 3579 quam

573 3591 868 3671 ,ebrietas
890 3613 1012 3671 aut
1035 3618 1264 3689 amor,-
1283 3616 1545 3685 secreta
1570 3600 1923 3694 producit.
1969 3601 2041 3673 N
2045 3624 2207 3673 emo
2223 3650 2248 3688 ,
2272 3596 2487 3691 quod.

573 3705 912 3797 audierit,
954 3708 1254 3797 tacebit3
1303 3734 1565 3799 nemo,
1598 3710 1971 3804 'quantum
2012 3709 2343 3799 audierit,
2381 3712 2491 3793 ,10⁹

577 3832 861 3909 quetur.
906 3820 1060 3929 Qui
1107 3846 1260 3894 rem
1293 3846 1453 3909 ‚non
1485 3825 1815 3916 tacuerit,
1868 3848 2017 3907 nou
2058 3824 2321 3905 tacebit
2358 3849 2487 3911 aur
