2759 4825
607 357 742 503 1‘33
1011 401 1098 476 L.
1147 394 1589 476 ANNAm
1632 397 2139 477 SENECAE

599 588 836 663 ptores
879 590 1082 655 suos,
1125 588 1280 636 non
1319 565 1655 644 animum
1690 566 2105 654 excolendi,
2155 566 2336 640 sed·
2316 566 2522 670 mge-

599 676 1160 768 nium.1taque‚
1202 699 1390 768 quae
1423 675 1834 774 Philosophia
1870 675 2047 764 fuit,
2083 673 2263 748 facta
2292 679 2525 751 Philo-

600 789 776 880 logz'a
812 802 932 857 est.
989 786 1312 855 Multum
1349 804 1591 854 autem
1632 783 1727 853 ad
1764 806 1919 854 rem
1958 786 2306 878 pertinet,
2358 803 2523 880 quo

595 897 968 992 proposito
1007 894 1100 966 ad
1129 919 1501 988 quamque
1530 918 1635 964 res
1674 894 1974 965 accedas,
2020 894 2212 998 Qui,
2260 895 2526 968 Gram-
2626 905 2643 918 ‘

599 1008 897 1098 maticus
921 1004 1202 1078 futurus
1223 1057 1246 1092 ‚
1275 1005 1739 1078 meumvc
1768 1019 2110 1076 scrutatur
2131 1053 2157 1091 ,
2196 1027 2347 1076 non
2374 1005 2523 1076 hoc

604 1113 844 1188 animo
871 1115 1044 1213 legit
1071 1115 1255 1194 illud
1282 1115 1645 1212 egregium
1668 1167 1693 1203 ‚
1798 1147 1807 1156 ·

813 1265 884 1278 —
929 1265 1003 1278 —
1040 1224 1241 1316 Fugit
1263 1227 1691 1321 inreparabile
1723 1241 2007 1324 tempus.-

601 1332 1044 1429 vigilandum
1087 1332 1227 1402 est!
1279 1330 1408 1400 nisi
1454 1355 1949 1424 properamuffi
1987 1333 2525 1424 relinquemur3

600 1439 743 1534 agit
789 1459 953 1524 ηοε,
990 1440 1365 1534 agiturque
1412 1440 1628 1508 velox
1679 1438 1864 1525 dies3
1912 1439 2109 1510 inscii
2156 1441 2525 1534 rapimur3

601 1549 844 1619 omnia
871 1551 947 1618 in
973 1547 1300 1618 futurum
1331 1547 1777 1639 disponimus
1795 1597 1818 1633 ‚
1852 1565 1925 1619 et
1953 1550 2137 1628 inter
2160 1548 2525 1643 praecipi·-

602 1657 701 1728 tia
727 1657 905 1727 lenti
927 1679 1210 1727 sumus:
1247 1655 1368 1725 sed
1398 1673 1475 1726 ut
1504 1655 1831 1727 observet
1852 1707 1875 1743 ,
1918 1657 2253 1750 quotiens
2282 1656 2521 1754 Virgi-

601 1769 740 1840 lius
767 1767 862 1838 de
883 1768 1236 1838 celeritate
1267 1784 1685 1860 temporum
1722 1766 1931 1856 dicit,
1980 1769 2119 1840 h-oc
2150 1770 2257 1840 uti
2289 1767 2525 1844 verbo

603 1880 810 1950 illum
836 1930 859 1966 ‚
877 1879 1094 1975 fugit.
2107 1945 2119 1960 ,

709 1991 969 2088 Optima
995 2013 1269 2084 quaeque
1300 1989 1433 2058 dies
1466 1991 1715 2058 miseris
1750 1975 2127 2058 mortalibus
2160 1990 2303 2058 aevi

693 2102 911 2196 prima
928 2097 995 2194 f
1001 2124 1044 2167 u
1052 2123 1106 2190 g
1125 2101 1192 2166 ic
1219 2124 1242 2165 .·
1275 2099 1545 2166 .subeunt
1566 2097 1766 2166 morbi
1776 2148 1800 2170 .
1836 2099 2163 2190 cristisque
2182 2111 2481 2167 senectus
2498 2145 2529 2172 .

703 2225 770 2278 et
795 2207 971 2277 labor
988 2231 1015 2278 ‚·
1037 2223 1102 2275 et
1127 2206 1323 2276 durae
1351 2210 1528 2304 rapit
1562 2207 1971 2276 inclementia
1994 2207 2241 2275 mortis.

606 2317 770 2404 me,
815 2315 954 2409 qui·
973 2314 1064 2386 ad
1106 2315 1635 2409 Philosophiam
1680 2329 1947 2408 spectat
1963 2365 1986 2402 ,
2022 2313 2194 2386 haec
2222 2313 2481 2385 eadem
2499 2364 2528 2404 ‚

608 2452 762 2519 quo
793 2425 1036 2511 debet,
1065 2423 1372 2497 adducit.
1411 2425 1823 2518 Numquam
1852 2424 2217 2521 Virgilius,
2248 2420 2526 2515 inquit,

610 2534 746 2603 dies
769 2531 948 2603 dicit·
973 2536 1098 2603 ire
1116 2586 1138 2609 .
1174 2533 1300 2604 sed
1311 2532 1488 2631 fug
1509 2560 1541 2604 e
1560 2560 1597 2604 r
1612 2559 1643 2603 e
1662 2584 1686 2609 ,
1721 2532 1928 2627 quod
1950 2532 2274 2605 currendi
2300 2554 2529 2630 genus

609 2644 1236 2715 concitatissimum
1275 2661 1421 2728 est3
1462 2662 1526 2713 et
1561 2649 1823 2742 optimos
1862 2670 2131 2741 quosque
2146 2646 2385 2741 primos
2410 2666 2531 2711 ra·-

602 2753 678 2849 pv'
693 2778 715 2817 .·
743 2750 923 2845 quid
949 2755 1118 2849 ergo
1149 2774 1489 2822 cessamus
1518 2776 1647 2823 nos
1686 2752 1819 2845 ipsi
1856 2753 2251 2837 concitare,
2296 2764 2379 2818 ut
2402 2750 2532 2819 ve-

611 2860 977 2931 locitatem
1003 2861 1475 2955 rapidissimae
1500 2863 1599 2932 rei
1624 2862 1968 2954 possimus
1988 2874 2325 2954 aequare.
2308 2860 2340 2913 ἲ)
2363 2858 2530 2931 Me·-

609 2970 782 3041 liora
806 2972 1369 3061 praetervolant,
1404 2970 1747 3040 deteriora
1778 2970 2190 3041 succedunt.
2240 2969 2531 3073 Quem-

612 3077 1017 3150 admodum
1033 3103 1124 3149 ex
1137 3080 1350 3173 amph
1359 3104 1475 3149 ora
1495 3078 1810 3171 primum
1828 3130 1851 3165 ,
1872 3078 2074 3171 quod
2096 3094 2196 3148 est
2212 3076 2531 3148 sinceris-

521 3214 533 3218 ·
614 3188 919 3272 simum,
945 3187 1168 3257 effluit
1186 3189 1705 3285 ‚gravissimum
1737 3187 2089 3283 quodque
2110 3187 2532 3263 turbidum-

617 3322 760 3391 que
780 3297 1112 3385 subsidit3
1137 3299 1232 3369 sic
1257 3299 1334 3371 in
1357 3314 1586 3373 aetate
1604 3317 1871 3385 nostra,
1890 3299 2101 3392 quod
2124 3299 2487 3393 optimum
2504 3348 2530 3387 ,

617 3409 692 3477 in
716 3406 952 3499 primo
979 3422 1098 3479 est.
1147 3407 1234 3477 Id
1263 3408 1657 3482 exhauriri
1640 3432 1716 3479 m
1744 3409 1892 3478 aliis
1913 3408 2153 3501 potius
2180 3411 2524 3503 patimur,

619 3532 706 3587 ut
732 3517 938 3589 nobis
961 3516 1226 3591 faecem
1257 3541 1708 3591 reservemus.
1757 3518 2125 3592 Inhaereat
2161 3518 2347 3589 istud
2370 3518 2529 3590 ani·-

619 3653 788 3715 m0,
825 3646 901 3701 et
920 3646 1334 3723 ‚tamquam
1361 3633 1647 3701 missum
1674 3631 1973 3703 oraculo
1982 3681 2005 3718 ‚
2030 3631 2333 3723 placeat.

721 3738 780 3806 Ο
790 3766 836 3835 p
850 3742 984 3808 rim
1001 3764 1041 3809 a
1078 3747 1352 3837 quaeque
1379 3740 1511 3812 dies
1538 3743 1785 3815 miseris
1808 3740 2182 3814 mortalibus
2206 3740 2349 3825 aevi

711 3868 758 3941 p
779 3841 986 3916 rima
1010 3844 1228 3987 fugit.
1263 3882 1338 3899 ⁴-
