2759 4825
519 364 1340 449 EPISTOLA
1420 380 1695 455 xcu.
1890 410 2073 485 ,29

131 562 306 614 non
327 540 399 609 fit
421 538 664 623 miset-3
686 536 942 609 adiicio
973 538 1258 641 dolores
1283 541 1665 613 continuos
1696 562 1769 615 et
1796 540 2085 641 gravesJ*

133 650 352 721 miser
375 671 528 717 non
553 648 656 747 fit:
705 647 950 752 Quem
992 668 1140 719 tam
1168 652 1399 721 multa
1430 653 1709 727 malain
1738 658 2065 733 miseram

135 762 362 831 vitam
383 782 538 829 non
569 757 1038 847 transferunt4
1071 782 1166 829 ne
1201 784 1292 830 ex
1320 760 1525 832 beata
1554 762 1852 855 quidem
1882 768 2069 837 edu·-

135 867 341 941 cunt.'
371 867 446 938 Si
467 892 630 941 ,non
659 882 930 959 potest,
983 886 1064 939 ut
1101 868 1330 940 dicitis
1351 920 1374 956 ,
1419 872 1691 965 sapiens
1724 898 1813 945 ex
1850 875 2065 949 beato

135 980 210 1051 in
237 979 580 1051 misenum
607 976 934 1049 decidere
951 1026 974 1064 ‚
1003 1000 1156 1047 non
1185 994 1427 1071 potest
1454 980 1531 1049 in
1552 1003 1704 1050 non
1742 982 2059 1055 beatum.

135 1088 399 1193 Quare,
427 1087 662 1175 enim,
701 1085 830 1179 qui
887 1082 1006 1193 illei
1051 1087 1338 1181 coepit,
1376 1088 1639 1159 alicubi
1688 1091 2065 1165 subsistat?

141 1200 358 1303 Quae
383 1222 490 1269 res
513 1199 722 1269 illum
753 1221 904 1269 non
933 1200 1202 1291 patitur
1227 1199 1318 1269 ad
1343 1201 1575 1271 imum
1603 1201 1931 1290 devolvi,
1956 1228 2061 1275 re·

135 1308 324 1380 tinet
351 1309 424 1380 in
449 1328 764 1380 summo.
830 1309 1108 1412 Quidni
1137 1332 1290 1381 non
1326 1311 1543 1403 possit
1566 1311 1767 1382 beata
1793 1313 1935 1384 vita
1960 1338 2065 1385 re·
2100 1366 2105 1371 ·

139 1421 410 1493 scindi?
449 1421 850 1491 neremitti
873 1420 1175 1514 quidem
1211 1436 1490 1513 potest:
1532 1438 1605 1491 et
1631 1421 1797 1493 ideo
1821 1422 2062 1497 Virtus

136 1530 230 1600 ad
265 1532 458 1601 illam
499 1556 632 1625 per
660 1556 736 1603 se
769 1531 917 1624 ipsa
965 1530 1122 1600 satis
1169 1545 1290 1601 est.
1325 1569 1397 1583 -
1418 1530 1645 1636 ·Quid
1681 1534 1902 1631 ergo?
1948 1536 2059 1604 in·-

139 1643 302 1735 quit
321 1696 346 1730 ,
371 1641 668 1737 Sapiens
696 1665 848 1732 non
877 1657 980 1712 est
1009 1642 1284 1713 beatior
1302 1694 1325 1731 ,
1361 1644 1491 1735 qui
1526 1643 1795 1715 diutius
1833 1646 2011 1717 vixit
2032 1697 2055 1734 ,

140 1774 360 1845 quem
391 1754 637 1823 nullus
665 1751 984 1823 avocavit
1011 1751 1263 1839 dolor,
1296 1777 1513 1846 quam
1539 1754 1657 1823 ille
1681 1804 1704 1841 ,
1734 1756 2055 1847 quicum

136 1866 324 1934 mala
368 1864 655 1935 fortuna
689 1876 967 1957 semper
996 1866 1306 1934 luctatus
1347 1866 1504 1935 est?
1547 1901 1621 1917 --
1676 1864 2059 1957 Responde

135 1974 356 2045 mihi:
405 1975 792 2067 Numquid
838 1992 910 2046 et
946 1976 1200 2046 melior
1241 1992 1377 2059 est,
1430 1992 1503 2045 et
1543 1974 1955 2045 honestior?
1999 1976 2055 2046 si

133 2083 302 2154 haec
343 2102 501 2154 non
542 2100 748 2170 sunt,
791 2108 886 2153 ne
921 2082 1196 2155 beatior
1233 2081 1535 2177 quidem
1590 2099 1711 2153 est.
1770 2082 2057 2161 Rectius

135 2195 322 2263 vivat
349 2204 649 2285 oportet
669 2244 692 2281 ,
717 2211 804 2265 ut
829 2192 1102 2264 beatius
1128 2192 1350 2265 vivat:
1384 2194 1438 2263 si
1462 2194 1717 2268 rectius
1738 2215 1889 2265 non
1920 2220 2057 2290 po-

133 2318 306 2391 test,
340 2320 437 2372 ne
465 2302 740 2373 beatius
765 2301 1083 2395 quidem.
1149 2300 1322 2371 Non
1351 2301 1753 2371 intenditur
1769 2302 2053 2390 Virtus;

139 2435 300 2511 etg‘o
337 2439 436 2485 ne
475 2414 688 2486 beata
722 2412 1024 2506 quidem
1065 2416 1251 2499 vita,
1291 2434 1477 2507 quae
1508 2433 1595 2482 ex
1622 2415 1887 2484 virtute
1930 2429 2054 2486 est.

139 2521 376 2594 Virtus
407 2524 605 2606 enim
631 2537 915 2594 tantum
943 2523 1224 2593 bonum
1248 2541 1352 2590 est
1374 2572 1396 2610 ,
1428 2537 1513 2592 ut
1537 2522 1691 2592 istas
1722 2523 2055 2594 accessio-

138 2655 254 2702 nes
289 2632 608 2703 minutas
636 2653 786 2702 non
823 2629 1107 2719 sentiat,
1144 2630 1564 2703 brevitatem
1590 2630 1777 2718 aevi,
1820 2645 1893 2702 et
1921 2632 2055 2702 do-

137 2745 358 2816 iorem
379 2795 402 2832 ,
454 2759 532 2814 et
555 2745 884 2837 eorporis·
903 2742 1120 2838 varias
1155 2741 1593 2813 offensiones.
1624 2741 1812 2812 Nam
1838 2746 2055 2814 volu-

137 2869 288 2948 ptas
318 2877 474 2925 non
505 2869 614 2924 est
645 2851 891 2950 digna,
931 2852 1025 2923 ad
1065 2874 1286 2944 quam
1316 2850 1663 2944 ‚respiciat
1714 2851 1919 2958 Quid
1950 2867 2055 2923 est

140 2963 212 3032 in
233 2961 518 3034 Virtute
549 2963 1016 3058 praecipuum
1037 2961 1072 3030 ἓ
1093 2961 1339 3032 futuro
1366 2981 1520 3030 non
1543 2959 1892 3059 indigem,
1916 2984 2057 3034 nec.

141 3071 284 3143 dies
319 3097 482 3143 suos
517 3088 980 3167 computaret
1015 3071 1093 3139 in
1130 3071 1487 3162 quantulo
1517 3069 1697 3142 libet
1723 3090 2050 3168 tempore

143 3180 334 3252 bona
351 3198 636 3254 aeterna
665 3195 1141 3254 conmmmat.

239 3287 681 3360 lnctedibilia
721 3277 934 3360 nobis
960 3289 1132 3358 haec
1164 3285 1539 3376 videntur,
1572 3305 1645 3360 et
1671 3312 1879 3383 supra
1916 3289 2070 3360 hu·‘

140 3422 422 3470 mamm
460 3416 799 3472 naturam(
831 3399 1318 3470 excutrentia:
1371 3399 1807 3470 maiestatem
1838 3399 2053 3469 *enim
2158 3427 2168 3432 -

145 3511 285 3581 eiuss
305 3533 396 3580 ex
420 3529 664 3582 nostra
693 3508 1154 3581 inbecillitate
1190 3510 1531 3582 metimur
1547 3563 1571 3598 ‚
1609 3525 1681 3582 et
1696 3509 1889 3582 'vitiis
1914 3533 2053 3578 no-

139 3622 286 3691 stris
308 3641 584 3692 nomen
604 3619 884 3690 virtutis
906 3617 1339 3712 inponimus.
1384 3620 1591 3722 Quid
1614 3639 1873 3712 porro,
1897 3641 2053 3690 non

141 3751 364 3820 aeque
403 3728 834 3800 incredibile
881 3729 1204 3814 videtur,
1253 3729 1585 3820 'aliquem
1633 3729 1709 3797 in
1759 3729 2055 3800 summis

143 3838 562 3912 cruciatibus
575 3840 904 3935 pesitum
927 3885 951 3930 ,
979 3839 1252 3912 diceret
1287 3837 1539 3910 Beatus
1572 3835 1787 3910 sum?
1822 3837 2052 3934 Atqui
