2759 4825
655 427 794 484 100
1031 391 1117 472 'L
1163 386 1615 506 ANNAEI
1659 389 2190 468 SENECAE

1047 557 1391 630 SENECA
1430 553 1679 624 Lucilio
1714 575 1825 622 suo
1859 551 2173 624 Saluum..
2224 597 2227 600 -

647 629 988 770 OMNIS
1024 686 1214 773 diez,
1261 685 1495 756 omnis
1533 682 1749 771 hora,
1801 703 2020 773 qnam
2057 679 2236 750 nihil
2280 701 2569 764 sumus,

643 799 998 886 ostendit,
1036 809 1112 867 et
1151 795 1398 888 aliquo
1438 809 1861 890 argumento
1908 789 2173 860 recenti·
2216 785 2607 858 admonet

641 909 1022 1009 fragilitatis
1057 903 1354 991 oblitOS,
1403 919 1563 974 tum
1610 917 1890 970 aeterna
1935 896 2312 968 meditatos
2342 895 2568 988 respi-

641 1043 801 1094 cere
819 1017 1018 1114 cogit
1053 1012 1146 1085 ad
1189 1031 1524 1086 mortem.
1568 1049 1639 1062 -
1650 991 1897 1115 Quid
1924 1007 2053 1083 sibi
2082 1005 2269 1078 istud
2300 1004 2573 1098 princi·

633 1131 850 1225 ‘pium
897 1123 1070 1198 velit
1091 1172 1117 1209 ‚
1171 1118 1497 1215 quaeris?
1562 1115 2035 1188 Senecionem
2086 1113 2511 1185 Cornelium
2538 1159 2564 1198 ,

641 1236 962 1330 equitem
1013 1231 1423 1304 Romanum
1470 1225 1935 1321 splendidum
1992 1239 2065 1294 et
2119 1221 2514 1294 officiosum
2542 1262 2568 1308 ,

637 1367 975 1417 noveras·
1018 1363 1109 1411 ex
1137 1337 1340 1408 tenui
1364 1335 1721 1430 principio
1764 1355 1837 1404 se
1877 1333 2025 1425 ipse
2060 1345 2521 1426 promoverat
2544 1377 2571 1416 ,

639 1469 714 1524 et
739 1453 878 1521 iam
911 1449 1014 1520 illi
1054 1445 1340 1518 declivis
1382 1460 1525 1514 etat
1554 1463 1791 1514 cursus
1836 1439 1946 1508 ad
1960 1456 2211 1510 cetera.
2266 1436 2567 1508 Facilius

639 1559 836 1630 enim
861 1554 1105 1628 crescit
1130 1553 1429 1650 dignitas
1446 1601 1469 1638 ,
1504 1575 1719 1644 qnam
1740 1549 2010 1641 incipit.
2046 1547 2357 1626 Pecunia
2380 1571 2571 1639 quo·

638 1693 786 1762 que
820 1667 998 1738 circa
1024 1681 1516 1758 paupertatem
1549 1660 1935 1754 plurimam
1979 1680 2258 1728 moram
2300 1657 2513 1728 habet
2542 1709 2578 1748 ,⁴

640 1777 824 1848 dum
849 1797 939 1844 ex
977 1772 1096 1846 illa
1123 1788 1384 1864 erepat.
1435 1771 1572 1840 Hic
1600 1771 1813 1840 etiam
1841 1766 2571 1839 Senecio-divitium-

636 1881 997 1968 minebat,
1047 1881 1138 1952 ad
1165 1906 1336 1974 quas
1365 1882 1569 1952 illum
1602 1880 1784 1950 duae
1811 1903 1915 1949 res
1943 1876 2317 1948 ducebant
2332 1878 2569 1952 effica-

635 1991 990 2076 cissimae,
1031 2010 1106 2060 et
1143 1989 1577 2082 quaerendi,
1628 2005 1701 2060 et
1739 1988 2193 2066 custodiendi
2232 1988 2564 2073 scientia3

634 2124 944 2194 quarum
962 2101 1078 2172 vel
1095 2101 1310 2170 altera
1331 2101 1770 2194 locupletem
1786 2086 2012 2168 fac'ere
2030 2097 2398 2194 potuisset.
2416 2099 2563 2171 Hic

631 2207 860 2281 homo
879 2231 1200 2280 summae
1223 2206 1675 2305 frugalitatis,
1702 2232 1857 2280 non
1883 2208 2120 2280 minus
2138 2207 2558 2302 patrimonii

633 2341 856 2412 quam
891 2318 1202 2415 corporis
1245 2317 1586 2417 diligem,
1632 2343 1865 2412 quum
1895 2342 2014 2389 me
2042 2341 2131 2390 ex
2174 2335 2562 2390 consuetu-

632 2430 807 2503 dine
830 2452 1045 2502 mane
1073 2427 1393 2515 vidisset3
1436 2452 1669 2522 quum
1704 2453 1833 2522 per
1870 2432 2113 2501 to‘tum
2149 2428 2561 2523 diemami·

631 2562 724 2612 co
755 2536 1055 2635 graviter
1073 2532 1355 2608 adfecto
1379 2586 1404 2625 ,
1445 2550 1519 2607 et
1542 2536 1691 2607 sine
1735 2561 1859 2631 spe
1888 2537 2183 2626 iacenti,
2226 2539 2557 2632 usquein

629 2664 924 2725 noctem
947 2644 1358 2734 adsedisset5
1392 2642 1625 2740 quum
1653 2647 1882 2718 hilaris
1908 2668 2306 2735 coenasset3
2340 2672 2557 2745 gene-

628 2783 706 2833 ιο
725 2757 1132 2833 valitudinis
1153 2758 1523 2855 praecipiti
1543 2776 1861 2856 arreptus
1874 2810 1898 2849 ,
1918 2758 2175 2857 angina
2191 2809 2213 2846 ‚
2240 2759 2361 2833 vix
2384 2760 2559 2831 con·

629 2892 950 2965 pressum
977 2870 1207 2941 artatis
1242 2868 1565 2967 faucibus
1601 2870 1928 2966 spiritum
1956 2870 2165 2943 traxit
2190 2870 2265 2941 in
2294 2874 2554 2945 lucem.

626 2978 818 3049 Intra
845 2978 1288 3073 paucissimas
1323 3005 1487 3079 ergo
1516 2982 1717 3053 horas
1736 3032 1760 3069 ‚
1790 2997 2178 3077 postquam
2216 2982 2557 3055 omnibus

627 3102 776 3159 erat
798 3088 944 3157 sani
968 3110 1047 3159 ac
1070 3088 1366 3161 valentis
1394 3090 1631 3161 officiis
1656 3090 1947 3162 functus
1965 3142 2004 3187 ,l
2028 3089 2335 3161 decessit.
2369 3088 2501 3160 Ille
2524 3144 2546 3178 ,

627 3194 760 3288 qui
803 3210 878 3266 et
919 3214 1100 3269 terra
1144 3216 1218 3270 et
1258 3200 1433 3271 mari
1478 3200 1857 3293 pecuniam
1900 3198 2243 3297 agitabat3
2286 3198 2418 3292 qui
2460 3198 2549 3270 ad

625 3304 918 3399 publica
946 3332 1285 3403 quoque,
1327 3310 1614 3381 nullum
1640 3310 2053 3403 relinquens
2088 3310 2547 3404 inexpertum

624 3436 846 3515 genus
870 3434 1243 3509 quaestus,
1282 3434 1693 3507 accesserat.;
1742 3419 1819 3491 in
1856 3420 2009 3513 ipso
2032 3435 2198 3491 actu
2222 3418 2409 3491 bene
2434 3442 2548 3491 ce·
2596 3490 2625 3519 x

625 3523 958 3595 dentium
1001 3548 1240 3597 rerum
1263 3574 1288 3613 ,
1341 3526 1420 3597 in
1463 3524 1619 3621 ipso
1670 3526 2157 3655 procurrentis
2194 3528 2544 3623 pecuniae

618 3626 938 3725 impetu,
965 3651 1204 3729 raptus
1227 3653 1352 3708 est.

624 3769 633 3777 ·
713 3742 938 3813 Insere
957 3766 1167 3821 nune.
1193 3746 1536 3823 Meliboee,
1512 3750 1769 3847 ,pir-os.
1789 3775 1955 3848 pone
1976 3748 2203 3822 ordine
2222 3754 2465 3825 vites!

619 3846 862 3952 Quam
887 3855 1193 3930 stultum
1220 3874 1362 3953 est,
1400 3874 1705 3931 aetatem
1736 3857 2113 3983 disponere
2140 3884 2239 3933 ne
2260 3861 2538 3934 crastini
