2759 4825
623 390 1436 465 EplsToLA
1514 393 1821 469 cxiv.
2045 404 2173 496 ιε,

263 550 362 622 do
387 549 626 622 inflata
651 551 1031 645 explicatio
1069 539 1363 652 rigeret,
1412 556 1808 648 aliquando
1840 553 2126 628 infracta
2152 609 2179 648 ,

265 681 334 733 et
369 660 446 732 in
476 686 752 733 morem
781 663 1034 735 cantici
1063 663 1332 736 ducta?
1362 689 1583 757 quare
1610 670 1767 737 alias
1792 693 2031 739 sensus
2054 695 2181 740 au·

263 771 466 843 daces
487 823 508 859 ,
534 787 606 843 et
630 771 850 844 fidem
876 773 1160 870 egressi,
1189 776 1614 866 placuerint3
1650 779 1810 848 alias
1830 778 2178 872 abruptae

261 887 692 972 sententiae,
735 900 810 956 et
834 887 1284 979 suspiciosae,
1318 888 1393 956 in
1429 881 1692 981 quibus
1720 892 1880 982 plus
1908 891 2177 963 intelli-

259 997 580 1094 gendum
614 1012 831 1085 esset,
869 1023 1090 1091 quam
1133 999 1629 1070 audiendum?
1678 1025 1893 1091 quare
1937 1004 2176 1095 aliqua.

259 1123 440 1176 aetas
481 1106 739 1195 fuerit,
783 1133 968 1201 quae
1009 1109 1472 1204 translationis
1515 1113 1677 1181 iure·
1712 1129 2033 1183 uteretur
2070 1114 2181 1184 in-

259 1217 710 1288 verecunde?
745 1255 816 1270 -·
873 1219 1081 1306 Hoc,
1134 1221 1338 1314 quod
1391 1220 1635 1290 audire
1686 1223 1906 1317 vulgo
1958 1224 2182 1310 soles,

256 1324 460 1418 quod
499 1324 696 1419 apud
735 1325 1080 1399 Graecos
1061 1352 1136 1398 tn
1180 1330 1641 1422 proverbium
1688 1333 1929 1404 cessit.
1990 1332 2181 1404 Talis

268 1433 776 1534 hominibus-fuit
798 1441 1046 1512 oratio,
1082 1440 1293 1533 qualis
1315 1443 1481 1510 vita.
1522 1441 2177 1544 Quemadmodum

263 1561 502 1614 autem
529 1543 1088 1637 uniuscuiusque
1113 1545 1296 1616 actio
1337 1546 1599 1616 dicenti
1630 1549 1867 1618 similis
1894 1565 1997 1620 est
2014 1599 2037 1636 ,
2078 1551 2178 1622 sic

259 1675 482 1748 genus
506 1651 793 1724 dicendi
813 1652 1240 1745 aliquando
1225 1655 1546 1726 imitatur
1569 1656 1899 1747 publicos
1924 1679 2175 1726 mores.

259 1761 330 1832 Si
369 1763 741 1859 disciplina
784 1757 1509 1852 civitatis'laboravit‚
1554 1783 1628 1838 et
1667 1790 1739 1835 se
1779 1763 1855 1836 in
1896 1767 2176 1839 delicias

262 1871 507 1958 dedit3
555 1891 1068 1970 argumentum·
1099 1895 1202 1945 est
1241 1875 1567 1946 luxuriae
1604 1873 1976 1968 publicae,
2028 1900 2180 1946 ora·

260 1984 472 2056 tionis
494 1985 810 2055 lascivia=
853 1983 905 2054 si
944 1977 1168 2055 modo
1210 1986 1465 2055 nonin
1502 2007 1649 2054 uno
1681 2001 1803 2056 aut
1834 1985 1908 2056 in
1951 1985 2177 2056 altero

256 2095 425 2181 fuit,
473 2095 597 2166 sed
641 2083 1037 2188 adprobata
1091 2111 1196 2167 est
1233 2111 1305 2166 et
1350 2111 1655 2190 recepta.
1721 2096 1895 2167 Non
1938 2113 2177 2188 potest

253 2208 428 2277 alius
455 2231 600 2278 esse
637 2207 970 2302 ingenio,
1023 2208 1196 2276 alius
1239 2207 1483 2276 animo
1538 2209 1757 2276 color.
1802 2205 1875 2276 Si
1922 2207 2041 2277 ille
2070 2232 2178 2278 sa-

180 2301 204 2312 *
254 2341 390 2388 nus
416 2333 520 2387 est
539 2366 563 2403 ,
597 2315 654 2385 si
679 2316 1116 2408 compositus
1137 2365 1158 2401 ,
1183 2315 1409 2419 gravis
1433 2367 1455 2402 ‚
1482 2332 1922 2408 temperans3
1976 2317 2177 2414 inge·

253 2426 463 2497 niuin
487 2448 792 2517 quoque
813 2425 1075 2493 siccum
1105 2447 1184 2493 ac
1207 2424 1527 2493 sobrium
1558 2439 1694 2493 ests
1728 2424 1851 2493 illo
1879 2424 2126 2495 vitiato
2150 2476 2173 2512 ,

253 2535 391 2606 hoc
426 2550 732 2626 quoque
754 2531 1074 2603 adflatur.
1115 2532 1186 2603 N
1193 2557 1286 2601 on
1311 2533 1507 2602 vides
1532 2530 1553 2617 3
1589 2532 1645 2601 si
1672 2532 1951 2602 animus
1977 2535 2175 2604 elan-

251 2644 448 2739 guit,
486 2640 670 2711 trahi
695 2641 1012 2711 membra
1038 2691 1061 2726 ‚
1089 2659 1159 2711 et
1185 2640 1380 2737 pigre
1408 2640 1681 2713 moveri
1706 2638 1973 2733 pedes?
2006 2642 2061 2711 si
2086 2643 2177 2713 il·-

252 2756 322 2823 le
349 2750 798 2823 effeminatus
825 2767 964 2836 est,
1011 2751 1084 2819 in
1119 2754 1271 2843 ipso
1299 2750 1569 2820 incessu
1607 2749 1945 2839 adparere
1983 2752 2175 2820 rnol-

254 2859 534 2931 litiem?
566 2858 620 2929 si
649 2858 766 2929 ille
787 2882 946 2929 acer
971 2880 1074 2928 est
1093 2877 1163 2929 et
1193 2858 1399 2952 ferox
1418 2912 1437 2941 ‚
1464 2857 1797 2929 concitari
1822 2856 2171 2953 gradum?

253 2969 312 3041 si
335 2968 529 3052 furit,
557 2986 714 3055 aut,
744 2967 943 3060 quod
969 2968 1190 3045 furori
1209 2967 1438 3037 simile
1467 2984 1625 3091 ειη.
1642 2966 1994 3053 irascitur,
2024 2985 2175 3039 tur·

251 3078 514 3151 batum
543 3102 686 3147 esse
727 3077 1042 3171 corporis
1081 3095 1412 3162 motum,
1452 3077 1747 3161 necire,
1790 3073 1911 3145 sed
1954 3074 2171 3147 ferri?

260 3188 564 3291 Quanto
591 3188 728 3258 hoc
754 3190 966 3283 magis
994 3185 1367 3258 accidere
1349 3186 1639 3282 ingenio
1666 3202 1913 3288 putas,
1960 3186 2171 3278 quod

254 3314 494 3369 totum
543 3297 784 3367 animo
836 3283 1278 3388 permixtum
1315 3296 1469 3411 est?
1518 3296 1611 3367 ab
1654 3296 1779 3365 illo
1822 3292 2131 3391 fingitur
2141 3322 2197 3383 ‚·

250 3406 356 3477 illi
387 3420 634 3499 paret,
669 3404 838 3475 inde
865 3407 1094 3503 legem
1124 3402 1332 3498 petit-⁶
1410 3449 1421 3473 ι,

291 3513 760 3619 Quomodo
791 3514 1160 3585 Maecenas
1185 3512 1479 3597 vixerit,
1505 3511 1745 3583 notius
1768 3524 1907 3596 est,
1944 3532 2199 3603 quam·

257 3636 340 3693 ut
369 3622 632 3693 narrari
667 3644 863 3691 nunc
901 3622 1200 3706 debeat3
1247 3620 1633 3713 quomodo
1660 3616 2163 3707 ambulaverit,

257 3754 476 3824 quam
525 3730 868 3802 delicatus
927 3725 1189 3819 fuerit,
1249 3750 1469 3821 quam
1535 3726 1835 3819 cupi'erit
1888 3724 2119 3799 videri
2141 3777 2166 3814 ,

251 3866 480 3936 quam
503 3842 676 3919 vitia
703 3867 828 3919 sua
864 3842 1080 3915 latere
1113 3840 1447 3915 noluerit.
1502 3838 1709 3942 Quid
1746 3836 1969 3939 ergo?
2010 3854 2179 3919 non·
