<?xml version="1.0" encoding="UTF-8"?>
<!DOCTYPE html PUBLIC "-//W3C//DTD XHTML 1.0 Transitional//EN"
    "http://www.w3.org/TR/xhtml1/DTD/xhtml1-transitional.dtd">
<html xmlns="http://www.w3.org/1999/xhtml" xml:lang="en" lang="en">
 <head>
  <title>
</title>
<meta http-equiv="Content-Type" content="text/html;charset=utf-8" />
  <meta name='ocr-system' content='tesseract 3.04.00' />
  <meta name='ocr-capabilities' content='ocr_page ocr_carea ocr_par ocr_line ocrx_word'/>
</head>
<body>
  <div class='ocr_page' id='page_1' title='image "./lannaeisenecaea00bipogoog_0017.png"; bbox 0 0 2759 4825; ppageno 0'>
   <div class='ocr_carea' id='block_1_1' title="bbox 564 384 2069 499">
    <p class='ocr_par' dir='ltr' id='par_1_1' title="bbox 564 384 2069 499">
     <span class='ocr_line' id='line_1_1' title="bbox 564 384 2069 499; baseline 0.005 -36"><span class='ocrx_word' id='word_1_1' title='bbox 564 384 1645 467; x_wconf 75' lang='lat' dir='ltr'>EP1sToLAXC.</span> <span class='ocrx_word' id='word_1_2' title='bbox 2018 424 2069 499; x_wconf 77' lang='lat'><strong>9</strong></span> 
     </span>
    </p>
   </div>
   <div class='ocr_carea' id='block_1_2' title="bbox 159 552 2112 660">
    <p class='ocr_par' dir='ltr' id='par_1_2' title="bbox 159 552 2112 660">
     <span class='ocr_line' id='line_1_2' title="bbox 159 552 2112 660; baseline 0.006 -36"><span class='ocrx_word' id='word_1_3' title='bbox 159 552 380 625; x_wconf 65' lang='lat' dir='ltr'><strong>molitis</strong></span> <span class='ocrx_word' id='word_1_4' title='bbox 417 568 676 625; x_wconf 77' lang='lat' dir='ltr'><strong>motum</strong></span> <span class='ocrx_word' id='word_1_5' title='bbox 721 554 996 653; x_wconf 54' lang='lat' dir='ltr'><strong>citerius</strong></span> <span class='ocrx_word' id='word_1_6' title='bbox 1050 574 1424 655; x_wconf 71' lang='lat' dir='ltr'><em>exspectat:</em></span> <span class='ocrx_word' id='word_1_7' title='bbox 1475 558 1703 631; x_wconf 82' lang='lat' dir='ltr'><em>deinde</em></span> <span class='ocrx_word' id='word_1_8' title='bbox 1736 563 2067 660; x_wconf 75' lang='lat' dir='ltr'><strong>utriusque</strong></span> <span class='ocrx_word' id='word_1_9' title='bbox 2106 555 2112 570; x_wconf 75' lang='lat'>&#39;</span> 
     </span>
    </p>
   </div>
   <div class='ocr_carea' id='block_1_3' title="bbox 139 663 2069 769">
    <p class='ocr_par' dir='ltr' id='par_1_3' title="bbox 139 663 2069 769">
     <span class='ocr_line' id='line_1_3' title="bbox 139 663 2069 769; baseline 0.006 -37"><span class='ocrx_word' id='word_1_10' title='bbox 139 664 384 733; x_wconf 80' lang='lat' dir='ltr'><strong>&#39;adtritu</strong></span> <span class='ocrx_word' id='word_1_11' title='bbox 401 689 622 759; x_wconf 82' lang='lat' dir='ltr'><em>grana</em></span> <span class='ocrx_word' id='word_1_12' title='bbox 631 663 1062 769; x_wconf 77' lang='lat' dir='ltr'><strong>franguntur</strong></span> <span class='ocrx_word' id='word_1_13' title='bbox 1079 717 1104 741; x_wconf 86' lang='lat'><strong>.</strong></span> <span class='ocrx_word' id='word_1_14' title='bbox 1133 684 1198 737; x_wconf 85' lang='lat' dir='ltr'><strong>et</strong></span> <span class='ocrx_word' id='word_1_15' title='bbox 1215 669 1467 765; x_wconf 83' lang='lat' dir='ltr'><strong>saepius</strong></span> <span class='ocrx_word' id='word_1_16' title='bbox 1490 693 1769 765; x_wconf 79' lang='lat' dir='ltr'><em>regemn</em></span> <span class='ocrx_word' id='word_1_17' title='bbox 1778 690 1888 742; x_wconf 80' lang='lat' dir='ltr'><strong>tur</strong></span> <span class='ocrx_word' id='word_1_18' title='bbox 1910 727 1933 749; x_wconf 84' lang='lat'><strong><em>.</em></strong></span> <span class='ocrx_word' id='word_1_19' title='bbox 1963 675 2069 743; x_wconf 83' lang='lat' dir='ltr'><strong>do·</strong></span> 
     </span>
    </p>
   </div>
   <div class='ocr_carea' id='block_1_4' title="bbox 147 772 2071 988">
    <p class='ocr_par' dir='ltr' id='par_1_4' title="bbox 147 772 2071 988">
     <span class='ocr_line' id='line_1_4' title="bbox 161 772 2071 869; baseline 0.005 -27"><span class='ocrx_word' id='word_1_20' title='bbox 161 796 262 843; x_wconf 82' lang='lat' dir='ltr'><strong>nec</strong></span> <span class='ocrx_word' id='word_1_21' title='bbox 293 772 377 843; x_wconf 83' lang='lat' dir='ltr'><strong>ad</strong></span> <span class='ocrx_word' id='word_1_22' title='bbox 399 773 752 863; x_wconf 81' lang='lat' dir='ltr'><strong>minutiam</strong></span> <span class='ocrx_word' id='word_1_23' title='bbox 778 772 1164 869; x_wconf 76' lang='lat' dir='ltr'><strong>frequenter</strong></span> <span class='ocrx_word' id='word_1_24' title='bbox 1213 775 1375 865; x_wconf 68' lang='lat' dir='ltr'><em>trita</em></span> <span class='ocrx_word' id='word_1_25' title='bbox 1418 773 1823 868; x_wconf 76' lang='lat' dir='ltr'><strong><em>redigantur.</em></strong></span> <span class='ocrx_word' id='word_1_26' title='bbox 1882 780 1951 851; x_wconf 92' lang='lat' dir='ltr'><em>T</em></span> <span class='ocrx_word' id='word_1_27' title='bbox 1942 804 2071 851; x_wconf 84' lang='lat' dir='ltr'><strong>unc</strong></span> 
     </span>
     <span class='ocr_line' id='line_1_5' title="bbox 147 882 2071 988; baseline 0.006 -38"><span class='ocrx_word' id='word_1_28' title='bbox 147 882 426 981; x_wconf 80' lang='lat' dir='ltr'><strong>farinam</strong></span> <span class='ocrx_word' id='word_1_29' title='bbox 461 908 634 977; x_wconf 82' lang='lat' dir='ltr'><em>aqua</em></span> <span class='ocrx_word' id='word_1_30' title='bbox 675 884 959 981; x_wconf 79' lang='lat' dir='ltr'><em>sparsit..</em></span> <span class='ocrx_word' id='word_1_31' title='bbox 1011 900 1076 954; x_wconf 82' lang='lat' dir='ltr'><strong>et</strong></span> <span class='ocrx_word' id='word_1_32' title='bbox 1103 882 1413 953; x_wconf 63' lang='lat' dir='ltr'><strong>adsidua»</strong></span> <span class='ocrx_word' id='word_1_33' title='bbox 1430 889 1816 959; x_wconf 75' lang='lat' dir='ltr'><em>tractatione</em></span> <span class='ocrx_word' id='word_1_34' title='bbox 1838 890 2071 988; x_wconf 81' lang='lat' dir='ltr'><em>perdo·-</em></span> 
     </span>
    </p>
   </div>
   <div class='ocr_carea' id='block_1_5' title="bbox 42 988 2069 1205">
    <p class='ocr_par' dir='ltr' id='par_1_5' title="bbox 42 988 2069 1205">
     <span class='ocr_line' id='line_1_6' title="bbox 42 988 2069 1094; baseline 0.005 -33"><span class='ocrx_word' id='word_1_35' title='bbox 42 988 45 1049; x_wconf 63' lang='grc' dir='ltr'><strong><em>ῗ</em></strong></span> <span class='ocrx_word' id='word_1_36' title='bbox 157 992 348 1067; x_wconf 76' lang='lat' dir='ltr'><em>muit,</em></span> <span class='ocrx_word' id='word_1_37' title='bbox 368 994 710 1089; x_wconf 84' lang='lat' dir='ltr'><strong>finxitque</strong></span> <span class='ocrx_word' id='word_1_38' title='bbox 741 1018 1016 1094; x_wconf 83' lang='lat' dir='ltr'><strong>panem‚·</strong></span> <span class='ocrx_word' id='word_1_39' title='bbox 1059 1018 1243 1089; x_wconf 80' lang='lat' dir='ltr'><strong>quem</strong></span> <span class='ocrx_word' id='word_1_40' title='bbox 1268 998 1479 1091; x_wconf 84' lang='lat' dir='ltr'><em>primo</em></span> <span class='ocrx_word' id='word_1_41' title='bbox 1523 998 1687 1067; x_wconf 82' lang='lat' dir='ltr'>cinis</span> <span class='ocrx_word' id='word_1_42' title='bbox 1716 998 1963 1069; x_wconf 80' lang='lat' dir='ltr'><strong>calidus</strong></span> <span class='ocrx_word' id='word_1_43' title='bbox 2002 1016 2069 1071; x_wconf 79' lang='lat' dir='ltr'><strong>et</strong></span> 
     </span>
     <span class='ocr_line' id='line_1_7' title="bbox 42 1101 2067 1205; baseline 0.003 -36"><span class='ocrx_word' id='word_1_44' title='bbox 42 1130 45 1169; x_wconf 58' lang='grc' dir='ltr'>ὲ</span> <span class='ocrx_word' id='word_1_45' title='bbox 144 1101 390 1199; x_wconf 79' lang='lat' dir='ltr'><strong>fervens</strong></span> <span class='ocrx_word' id='word_1_46' title='bbox 415 1117 585 1172; x_wconf 80' lang='lat' dir='ltr'><em>testa</em></span> <span class='ocrx_word' id='word_1_47' title='bbox 604 1104 908 1199; x_wconf 73' lang='lat' dir='ltr'><em>per-coxit</em></span> <span class='ocrx_word' id='word_1_48' title='bbox 925 1131 946 1171; x_wconf 93' lang='grc'><strong>.·</strong></span> <span class='ocrx_word' id='word_1_49' title='bbox 977 1102 1200 1173; x_wconf 81' lang='lat' dir='ltr'><em>deinde</em></span> <span class='ocrx_word' id='word_1_50' title='bbox 1204 1102 1419 1199; x_wconf 83' lang='lat' dir='ltr'><strong>furni</strong></span> <span class='ocrx_word' id='word_1_51' title='bbox 1428 1106 1763 1201; x_wconf 82' lang='lat' dir='ltr'><strong>paulatim</strong></span> <span class='ocrx_word' id='word_1_52' title='bbox 1788 1111 2067 1205; x_wconf 79' lang='lat' dir='ltr'><em>reperti,</em></span> 
     </span>
    </p>
   </div>
   <div class='ocr_carea' id='block_1_6' title="bbox 159 1210 2089 3828">
    <p class='ocr_par' dir='ltr' id='par_1_6' title="bbox 159 1210 2071 1525">
     <span class='ocr_line' id='line_1_8' title="bbox 160 1210 2058 1310; baseline 0.001 -26"><span class='ocrx_word' id='word_1_53' title='bbox 160 1228 216 1284; x_wconf 80' lang='lat' dir='ltr'><strong>et</strong></span> <span class='ocrx_word' id='word_1_54' title='bbox 256 1210 377 1279; x_wconf 86' lang='lat' dir='ltr'><em>alia</em></span> <span class='ocrx_word' id='word_1_55' title='bbox 408 1234 705 1303; x_wconf 84' lang='lat' dir='ltr'><strong>genera,</strong></span> <span class='ocrx_word' id='word_1_56' title='bbox 750 1236 1012 1307; x_wconf 81' lang='lat' dir='ltr'><strong>quorum</strong></span> <span class='ocrx_word' id='word_1_57' title='bbox 1041 1211 1282 1310; x_wconf 81' lang='lat' dir='ltr'><em>fervor</em></span> <span class='ocrx_word' id='word_1_58' title='bbox 1325 1218 1601 1285; x_wconf 80' lang='lat' dir='ltr'><em>serviret</em></span> <span class='ocrx_word' id='word_1_59' title='bbox 1649 1218 1940 1286; x_wconf 80' lang='lat' dir='ltr'><em>arbitrio.</em></span> <span class='ocrx_word' id='word_1_60' title='bbox 1984 1254 2058 1271; x_wconf 89' lang='lat'>-</span> 
     </span>
     <span class='ocr_line' id='line_1_9' title="bbox 159 1320 2071 1423; baseline 0.005 -31"><span class='ocrx_word' id='word_1_61' title='bbox 159 1320 314 1392; x_wconf 87' lang='lat' dir='ltr'><strong>Non</strong></span> <span class='ocrx_word' id='word_1_62' title='bbox 349 1323 674 1392; x_wconf 84' lang='lat' dir='ltr'><strong>multum</strong></span> <span class='ocrx_word' id='word_1_63' title='bbox 715 1322 934 1413; x_wconf 80' lang='lat' dir='ltr'><strong>afuit,</strong></span> <span class='ocrx_word' id='word_1_64' title='bbox 979 1325 1160 1419; x_wconf 89' lang='lat' dir='ltr'><strong>quin</strong></span> <span class='ocrx_word' id='word_1_65' title='bbox 1200 1326 1559 1400; x_wconf 83' lang='lat' dir='ltr'><strong>sutrinum</strong></span> <span class='ocrx_word' id='word_1_66' title='bbox 1607 1352 1910 1423; x_wconf 88' lang='lat' dir='ltr'><strong>quoque</strong></span> <span class='ocrx_word' id='word_1_67' title='bbox 1953 1331 2071 1401; x_wconf 85' lang='lat' dir='ltr'><strong>in-</strong></span> 
     </span>
     <span class='ocr_line' id='line_1_10' title="bbox 161 1433 1288 1525; baseline 0.003 -26"><span class='ocrx_word' id='word_1_68' title='bbox 161 1447 432 1519; x_wconf 75' lang='lat' dir='ltr'><strong>ventum</strong></span> <span class='ocrx_word' id='word_1_69' title='bbox 462 1455 503 1499; x_wconf 89' lang='lat' dir='ltr'><em>a</em></span> <span class='ocrx_word' id='word_1_70' title='bbox 527 1433 967 1525; x_wconf 80' lang='lat' dir='ltr'>sapientibus</span> <span class='ocrx_word' id='word_1_71' title='bbox 1001 1433 1288 1507; x_wconf 82' lang='lat' dir='ltr'><strong>diceret.</strong></span> 
     </span>
    </p>

    <p class='ocr_par' dir='ltr' id='par_1_7' title="bbox 159 1538 2089 3828">
     <span class='ocr_line' id='line_1_11' title="bbox 247 1538 2067 1636; baseline 0.008 -29"><span class='ocrx_word' id='word_1_72' title='bbox 247 1538 502 1610; x_wconf 85' lang='lat' dir='ltr'>Omnia</span> <span class='ocrx_word' id='word_1_73' title='bbox 530 1542 659 1611; x_wconf 85' lang='lat' dir='ltr'>ista</span> <span class='ocrx_word' id='word_1_74' title='bbox 690 1542 867 1613; x_wconf 79' lang='lat' dir='ltr'>ratio</span> <span class='ocrx_word' id='word_1_75' title='bbox 897 1543 1231 1635; x_wconf 83' lang='lat' dir='ltr'><strong>quidem,</strong></span> <span class='ocrx_word' id='word_1_76' title='bbox 1261 1544 1385 1615; x_wconf 89' lang='lat' dir='ltr'><strong>sed</strong></span> <span class='ocrx_word' id='word_1_77' title='bbox 1409 1570 1565 1621; x_wconf 82' lang='lat' dir='ltr'><strong>non</strong></span> <span class='ocrx_word' id='word_1_78' title='bbox 1602 1564 1793 1619; x_wconf 85' lang='lat' dir='ltr'><strong>recta</strong></span> <span class='ocrx_word' id='word_1_79' title='bbox 1840 1548 2020 1620; x_wconf 86' lang='lat' dir='ltr'>ratio</span> <span class='ocrx_word' id='word_1_80' title='bbox 2041 1598 2067 1636; x_wconf 89' lang='lat'>,</span> 
     </span>
     <span class='ocr_line' id='line_1_12' title="bbox 163 1650 2072 1751; baseline 0.003 -30"><span class='ocrx_word' id='word_1_81' title='bbox 163 1665 542 1721; x_wconf 74' lang='lat' dir='ltr'><strong>commenta</strong></span> <span class='ocrx_word' id='word_1_82' title='bbox 571 1667 695 1720; x_wconf 88' lang='lat' dir='ltr'><strong>est.</strong></span> <span class='ocrx_word' id='word_1_83' title='bbox 740 1650 1072 1723; x_wconf 82' lang='lat' dir='ltr'>Hominis</span> <span class='ocrx_word' id='word_1_84' title='bbox 1097 1653 1330 1741; x_wconf 87' lang='lat' dir='ltr'><strong>enim,</strong></span> <span class='ocrx_word' id='word_1_85' title='bbox 1365 1678 1517 1725; x_wconf 88' lang='lat' dir='ltr'><strong>non</strong></span> <span class='ocrx_word' id='word_1_86' title='bbox 1539 1654 1885 1751; x_wconf 86' lang='lat' dir='ltr'>Sapientis</span> <span class='ocrx_word' id='word_1_87' title='bbox 1906 1708 1927 1745; x_wconf 92' lang='lat'>,</span> <span class='ocrx_word' id='word_1_88' title='bbox 1956 1658 2072 1727; x_wconf 86' lang='lat' dir='ltr'><strong>in·-</strong></span> 
     </span>
     <span class='ocr_line' id='line_1_13' title="bbox 162 1764 2071 1860; baseline 0.001 -29"><span class='ocrx_word' id='word_1_89' title='bbox 162 1778 342 1832; x_wconf 85' lang='lat' dir='ltr'><strong>venta</strong></span> <span class='ocrx_word' id='word_1_90' title='bbox 365 1780 574 1848; x_wconf 85' lang='lat' dir='ltr'><strong>sunt3</strong></span> <span class='ocrx_word' id='word_1_91' title='bbox 615 1780 758 1833; x_wconf 84' lang='lat' dir='ltr'><strong>tarn</strong></span> <span class='ocrx_word' id='word_1_92' title='bbox 780 1764 1260 1851; x_wconf 84' lang='lat' dir='ltr'><strong>mehercules,</strong></span> <span class='ocrx_word' id='word_1_93' title='bbox 1303 1790 1520 1857; x_wconf 80' lang='lat' dir='ltr'><strong>quarn</strong></span> <span class='ocrx_word' id='word_1_94' title='bbox 1552 1765 1825 1860; x_wconf 84' lang='lat' dir='ltr'>navigia</span> <span class='ocrx_word' id='word_1_95' title='bbox 1848 1817 1869 1852; x_wconf 87' lang='lat'><strong>,</strong></span> <span class='ocrx_word' id='word_1_96' title='bbox 1903 1765 2071 1857; x_wconf 85' lang='lat' dir='ltr'><strong>qui-</strong></span> 
     </span>
     <span class='ocr_line' id='line_1_14' title="bbox 162 1869 2075 1965; baseline 0.001 -26"><span class='ocrx_word' id='word_1_97' title='bbox 162 1869 276 1939; x_wconf 86' lang='lat' dir='ltr'><strong>bus</strong></span> <span class='ocrx_word' id='word_1_98' title='bbox 295 1896 580 1959; x_wconf 49' lang='lat' dir='ltr'><strong>amnes„</strong></span> <span class='ocrx_word' id='word_1_99' title='bbox 623 1873 1042 1965; x_wconf 78' lang='lat' dir='ltr'><strong>quibusque</strong></span> <span class='ocrx_word' id='word_1_100' title='bbox 1083 1874 1300 1942; x_wconf 84' lang='lat' dir='ltr'>maria</span> <span class='ocrx_word' id='word_1_101' title='bbox 1341 1873 1835 1957; x_wconf 74' lang='lat' dir='ltr'><strong>transivimus,</strong></span> <span class='ocrx_word' id='word_1_102' title='bbox 1876 1891 2075 1963; x_wconf 83' lang='lat' dir='ltr'><em>apta-</em></span> 
     </span>
     <span class='ocr_line' id='line_1_15' title="bbox 162 1980 2073 2075; baseline 0 -24"><span class='ocrx_word' id='word_1_103' title='bbox 162 1980 234 2051; x_wconf 86' lang='lat' dir='ltr'><strong>tis</strong></span> <span class='ocrx_word' id='word_1_104' title='bbox 260 1980 338 2051; x_wconf 84' lang='lat' dir='ltr'><strong>ad</strong></span> <span class='ocrx_word' id='word_1_105' title='bbox 365 1982 890 2075; x_wconf 84' lang='lat' dir='ltr'><strong>excipiendum</strong></span> <span class='ocrx_word' id='word_1_106' title='bbox 927 1998 1310 2052; x_wconf 82' lang='lat' dir='ltr'><strong>ventorum</strong></span> <span class='ocrx_word' id='word_1_107' title='bbox 1352 1983 1717 2075; x_wconf 87' lang='lat' dir='ltr'><strong>impetum</strong></span> <span class='ocrx_word' id='word_1_108' title='bbox 1758 1983 1964 2066; x_wconf 72' lang='lat' dir='ltr'><strong>velis»,</strong></span> <span class='ocrx_word' id='word_1_109' title='bbox 1996 1996 2073 2051; x_wconf 87' lang='lat' dir='ltr'><strong>et</strong></span> 
     </span>
     <span class='ocr_line' id='line_1_16' title="bbox 163 2088 2089 2187; baseline 0.002 -30"><span class='ocrx_word' id='word_1_110' title='bbox 163 2088 380 2159; x_wconf 74' lang='lat' dir='ltr'>additis</span> <span class='ocrx_word' id='word_1_111' title='bbox 425 2115 465 2159; x_wconf 85' lang='lat' dir='ltr'>a</span> <span class='ocrx_word' id='word_1_112' title='bbox 497 2108 706 2185; x_wconf 83' lang='lat' dir='ltr'><strong>tergo</strong></span> <span class='ocrx_word' id='word_1_113' title='bbox 743 2090 1274 2187; x_wconf 83' lang='lat' dir='ltr'><strong>gubernaculis,</strong></span> <span class='ocrx_word' id='word_1_114' title='bbox 1321 2114 1511 2182; x_wconf 82' lang='lat' dir='ltr'><strong>quae</strong></span> <span class='ocrx_word' id='word_1_115' title='bbox 1542 2091 1684 2160; x_wconf 88' lang='lat' dir='ltr'><strong>huc</strong></span> <span class='ocrx_word' id='word_1_116' title='bbox 1728 2105 1951 2182; x_wconf 87' lang='lat' dir='ltr'><strong>atque</strong></span> <span class='ocrx_word' id='word_1_117' title='bbox 1980 2091 2089 2171; x_wconf 61' lang='lat' dir='ltr'><strong>ilg-</strong></span> 
     </span>
     <span class='ocr_line' id='line_1_17' title="bbox 160 2199 2071 2296; baseline 0.001 -29"><span class='ocrx_word' id='word_1_118' title='bbox 160 2202 256 2270; x_wconf 87' lang='lat' dir='ltr'><strong>luc</strong></span> <span class='ocrx_word' id='word_1_119' title='bbox 275 2222 562 2271; x_wconf 83' lang='lat' dir='ltr'><strong>cursum</strong></span> <span class='ocrx_word' id='word_1_120' title='bbox 587 2199 850 2296; x_wconf 84' lang='lat' dir='ltr'>navigii</span> <span class='ocrx_word' id='word_1_121' title='bbox 889 2216 1308 2291; x_wconf 83' lang='lat' dir='ltr'><strong>torqueant:</strong></span> <span class='ocrx_word' id='word_1_122' title='bbox 1341 2203 1761 2294; x_wconf 85' lang='lat' dir='ltr'><strong>exemplum</strong></span> <span class='ocrx_word' id='word_1_123' title='bbox 1790 2224 1827 2270; x_wconf 84' lang='lat' dir='ltr'>a</span> <span class='ocrx_word' id='word_1_124' title='bbox 1862 2200 2071 2293; x_wconf 86' lang='lat' dir='ltr'>pisci-</span> 
     </span>
     <span class='ocr_line' id='line_1_18' title="bbox 161 2308 2069 2406; baseline 0.002 -29"><span class='ocrx_word' id='word_1_125' title='bbox 161 2308 274 2379; x_wconf 86' lang='lat' dir='ltr'><strong>bus</strong></span> <span class='ocrx_word' id='word_1_126' title='bbox 297 2326 605 2381; x_wconf 77' lang='lat' dir='ltr'><strong>tractum</strong></span> <span class='ocrx_word' id='word_1_127' title='bbox 637 2324 739 2381; x_wconf 86' lang='lat' dir='ltr'><strong>est</strong></span> <span class='ocrx_word' id='word_1_128' title='bbox 757 2360 778 2397; x_wconf 91' lang='lat'>‚</span> <span class='ocrx_word' id='word_1_129' title='bbox 807 2310 933 2401; x_wconf 87' lang='lat' dir='ltr'><strong>qui</strong></span> <span class='ocrx_word' id='word_1_130' title='bbox 965 2312 1189 2395; x_wconf 62' lang='lat' dir='ltr'><strong>§auda</strong></span> <span class='ocrx_word' id='word_1_131' title='bbox 1224 2325 1575 2406; x_wconf 81' lang='lat' dir='ltr'><strong>teguntur</strong></span> <span class='ocrx_word' id='word_1_132' title='bbox 1596 2360 1619 2397; x_wconf 82' lang='grc'><em>,</em></span> <span class='ocrx_word' id='word_1_133' title='bbox 1650 2326 1721 2379; x_wconf 90' lang='lat' dir='ltr'><strong>et</strong></span> <span class='ocrx_word' id='word_1_134' title='bbox 1748 2311 1889 2379; x_wconf 72' lang='lat' dir='ltr'>levi</span> <span class='ocrx_word' id='word_1_135' title='bbox 1920 2312 2069 2381; x_wconf 74' lang='lat' dir='ltr'><strong>eius</strong></span> 
     </span>
     <span class='ocr_line' id='line_1_19' title="bbox 161 2419 2072 2514; baseline 0.001 -25"><span class='ocrx_word' id='word_1_136' title='bbox 161 2421 224 2492; x_wconf 87' lang='lat' dir='ltr'><strong>in</strong></span> <span class='ocrx_word' id='word_1_137' title='bbox 267 2436 662 2514; x_wconf 82' lang='lat' dir='ltr'><strong>utrumque</strong></span> <span class='ocrx_word' id='word_1_138' title='bbox 727 2438 1108 2493; x_wconf 84' lang='lat' dir='ltr'><strong>momento</strong></span> <span class='ocrx_word' id='word_1_139' title='bbox 1166 2421 1623 2492; x_wconf 84' lang='lat' dir='ltr'><strong>velocitatem</strong></span> <span class='ocrx_word' id='word_1_140' title='bbox 1678 2441 1879 2490; x_wconf 85' lang='lat' dir='ltr'><strong>suam</strong></span> <span class='ocrx_word' id='word_1_141' title='bbox 1938 2419 2072 2490; x_wconf 89' lang='lat' dir='ltr'><strong>fle-</strong></span> 
     </span>
     <span class='ocr_line' id='line_1_20' title="bbox 162 2533 2067 2630; baseline 0.001 -29"><span class='ocrx_word' id='word_1_142' title='bbox 162 2549 351 2602; x_wconf 80' lang='lat' dir='ltr'><strong>ctunt.</strong></span> <span class='ocrx_word' id='word_1_143' title='bbox 391 2533 668 2609; x_wconf 80' lang='lat' dir='ltr'><em>Omnia,</em></span> <span class='ocrx_word' id='word_1_144' title='bbox 693 2534 934 2624; x_wconf 70' lang='lat' dir='ltr'><strong>in‘quit</strong></span> <span class='ocrx_word' id='word_1_145' title='bbox 953 2583 976 2620; x_wconf 81' lang='lat'>‚</span> <span class='ocrx_word' id='word_1_146' title='bbox 1007 2533 1162 2602; x_wconf 80' lang='lat' dir='ltr'><em>haec</em></span> <span class='ocrx_word' id='word_1_147' title='bbox 1191 2533 1467 2630; x_wconf 85' lang='lat' dir='ltr'><strong>Sapiens</strong></span> <span class='ocrx_word' id='word_1_148' title='bbox 1491 2533 1739 2628; x_wconf 77' lang='lat' dir='ltr'><em>quidem</em></span> <span class='ocrx_word' id='word_1_149' title='bbox 1774 2533 2019 2604; x_wconf 82' lang='lat' dir='ltr'><strong>invenit</strong></span> <span class='ocrx_word' id='word_1_150' title='bbox 2039 2555 2067 2603; x_wconf 79' lang='grc'><strong>.·</strong></span> 
     </span>
     <span class='ocr_line' id='line_1_21' title="bbox 161 2641 2069 2745; baseline -0.001 -35"><span class='ocrx_word' id='word_1_151' title='bbox 161 2643 252 2711; x_wconf 81' lang='lat' dir='ltr'><strong>sed</strong></span> <span class='ocrx_word' id='word_1_152' title='bbox 267 2645 562 2717; x_wconf 75' lang='lat' dir='ltr'><strong>minora,</strong></span> <span class='ocrx_word' id='word_1_153' title='bbox 596 2669 788 2738; x_wconf 76' lang='lat' dir='ltr'><strong>quam</strong></span> <span class='ocrx_word' id='word_1_154' title='bbox 815 2659 889 2713; x_wconf 80' lang='lat' dir='ltr'><strong>ut</strong></span> <span class='ocrx_word' id='word_1_155' title='bbox 917 2645 1058 2741; x_wconf 27' lang='lat' dir='ltr'><strong>ipse·</strong></span> <span class='ocrx_word' id='word_1_156' title='bbox 1077 2661 1431 2745; x_wconf 66' lang='lat' dir='ltr'><em>traqtaret.</em></span> <span class='ocrx_word' id='word_1_157' title='bbox 1463 2641 1919 2712; x_wconf 83' lang='lat' dir='ltr'><strong>sordidioribus</strong></span> <span class='ocrx_word' id='word_1_158' title='bbox 1942 2645 2069 2710; x_wconf 86' lang='lat' dir='ltr'><strong>mi-</strong></span> 
     </span>
     <span class='ocr_line' id='line_1_22' title="bbox 161 2748 2066 2844; baseline 0.001 -25"><span class='ocrx_word' id='word_1_159' title='bbox 161 2751 354 2820; x_wconf 81' lang='lat' dir='ltr'><strong>nistris</strong></span> <span class='ocrx_word' id='word_1_160' title='bbox 399 2751 597 2821; x_wconf 80' lang='lat' dir='ltr'><strong>dedit.</strong></span> <span class='ocrx_word' id='word_1_161' title='bbox 653 2750 890 2820; x_wconf 88' lang='lat' dir='ltr'>Immo</span> <span class='ocrx_word' id='word_1_162' title='bbox 933 2775 1086 2821; x_wconf 85' lang='lat' dir='ltr'><strong>non</strong></span> <span class='ocrx_word' id='word_1_163' title='bbox 1139 2752 1230 2822; x_wconf 82' lang='lat' dir='ltr'><strong>ab</strong></span> <span class='ocrx_word' id='word_1_164' title='bbox 1289 2751 1436 2820; x_wconf 84' lang='lat' dir='ltr'>aliis</span> <span class='ocrx_word' id='word_1_165' title='bbox 1486 2748 1881 2844; x_wconf 78' lang='lat' dir='ltr'><strong>excogitata</strong></span> <span class='ocrx_word' id='word_1_166' title='bbox 1936 2749 2066 2820; x_wconf 88' lang='lat' dir='ltr'>ista</span> 
     </span>
     <span class='ocr_line' id='line_1_23' title="bbox 161 2861 2069 2964; baseline 0.001 -35"><span class='ocrx_word' id='word_1_167' title='bbox 161 2878 332 2950; x_wconf 77' lang='lat' dir='ltr'><strong>sunt,</strong></span> <span class='ocrx_word' id='word_1_168' title='bbox 375 2885 606 2956; x_wconf 81' lang='lat' dir='ltr'><strong>quam</strong></span> <span class='ocrx_word' id='word_1_169' title='bbox 630 2887 670 2932; x_wconf 89' lang='lat' dir='ltr'><em>a</em></span> <span class='ocrx_word' id='word_1_170' title='bbox 700 2861 1365 2955; x_wconf 85' lang='lat' dir='ltr'><strong>quibus.hodieque</strong></span> <span class='ocrx_word' id='word_1_171' title='bbox 1400 2873 1755 2931; x_wconf 84' lang='lat' dir='ltr'><strong>curantur.</strong></span> <span class='ocrx_word' id='word_1_172' title='bbox 1820 2861 2069 2964; x_wconf 72' lang='lat' dir='ltr'><strong>Quae-</strong></span> 
     </span>
     <span class='ocr_line' id='line_1_24' title="bbox 163 2969 2057 3065; baseline 0.001 -26"><span class='ocrx_word' id='word_1_173' title='bbox 163 2969 296 3040; x_wconf 87' lang='lat' dir='ltr'><strong>dam</strong></span> <span class='ocrx_word' id='word_1_174' title='bbox 335 2991 580 3046; x_wconf 84' lang='lat' dir='ltr'><strong>nostra</strong></span> <span class='ocrx_word' id='word_1_175' title='bbox 627 2971 927 3043; x_wconf 87' lang='lat' dir='ltr'><strong>demum</strong></span> <span class='ocrx_word' id='word_1_176' title='bbox 982 2969 1320 3065; x_wconf 82' lang='lat' dir='ltr'>prodiisse</span> <span class='ocrx_word' id='word_1_177' title='bbox 1372 2971 1717 3042; x_wconf 86' lang='lat' dir='ltr'>memoria</span> <span class='ocrx_word' id='word_1_178' title='bbox 1764 2971 2057 3040; x_wconf 82' lang='lat' dir='ltr'>scimus:</span> 
     </span>
     <span class='ocr_line' id='line_1_25' title="bbox 163 3081 2062 3174; baseline 0.002 -25"><span class='ocrx_word' id='word_1_179' title='bbox 163 3097 228 3152; x_wconf 86' lang='lat' dir='ltr'><strong>ut</strong></span> <span class='ocrx_word' id='word_1_180' title='bbox 253 3082 816 3174; x_wconf 80' lang='lat' dir='ltr'><strong>speculariorum</strong></span> <span class='ocrx_word' id='word_1_181' title='bbox 853 3105 1060 3154; x_wconf 87' lang='lat' dir='ltr'><strong>usum</strong></span> <span class='ocrx_word' id='word_1_182' title='bbox 1087 3133 1106 3170; x_wconf 86' lang='lat'><strong>,</strong></span> <span class='ocrx_word' id='word_1_183' title='bbox 1144 3085 1563 3174; x_wconf 85' lang='lat' dir='ltr'><strong>perlucente</strong></span> <span class='ocrx_word' id='word_1_184' title='bbox 1588 3095 1760 3149; x_wconf 88' lang='lat' dir='ltr'><strong>testa</strong></span> <span class='ocrx_word' id='word_1_185' title='bbox 1790 3081 2062 3152; x_wconf 77' lang='lat' dir='ltr'><strong>clarum</strong></span> 
     </span>
     <span class='ocr_line' id='line_1_26' title="bbox 163 3189 2067 3286; baseline 0 -28"><span class='ocrx_word' id='word_1_186' title='bbox 163 3191 778 3260; x_wconf 73' lang='lat' dir='ltr'><strong>transmittentium</strong></span> <span class='ocrx_word' id='word_1_187' title='bbox 823 3192 1110 3286; x_wconf 69' lang='lat' dir='ltr'><strong>lumem</strong></span> <span class='ocrx_word' id='word_1_188' title='bbox 1165 3205 1248 3260; x_wconf 90' lang='lat' dir='ltr'><strong>ut</strong></span> <span class='ocrx_word' id='word_1_189' title='bbox 1292 3205 1737 3284; x_wconf 83' lang='lat' dir='ltr'><strong>suspensuras</strong></span> <span class='ocrx_word' id='word_1_190' title='bbox 1770 3189 2067 3259; x_wconf 87' lang='lat' dir='ltr'><strong>balneo·-</strong></span> 
     </span>
     <span class='ocr_line' id='line_1_27' title="bbox 162 3289 2065 3394; baseline 0 -27"><span class='ocrx_word' id='word_1_191' title='bbox 162 3321 334 3386; x_wconf 82' lang='lat' dir='ltr'><strong>rum,</strong></span> <span class='ocrx_word' id='word_1_192' title='bbox 371 3317 446 3371; x_wconf 89' lang='lat' dir='ltr'><strong>et</strong></span> <span class='ocrx_word' id='word_1_193' title='bbox 471 3301 819 3393; x_wconf 79' lang='lat' dir='ltr'>inpressos</span> <span class='ocrx_word' id='word_1_194' title='bbox 846 3301 1230 3393; x_wconf 86' lang='lat' dir='ltr'>parietibus</span> <span class='ocrx_word' id='word_1_195' title='bbox 1261 3289 1516 3387; x_wconf 74' lang='lat' dir='ltr'><strong>tubos,</strong></span> <span class='ocrx_word' id='word_1_196' title='bbox 1554 3321 1683 3394; x_wconf 82' lang='lat' dir='ltr'><strong>per</strong></span> <span class='ocrx_word' id='word_1_197' title='bbox 1723 3321 1907 3392; x_wconf 86' lang='lat' dir='ltr'><strong>quos</strong></span> <span class='ocrx_word' id='word_1_198' title='bbox 1930 3298 2065 3368; x_wconf 83' lang='lat' dir='ltr'>cir·-</span> 
     </span>
     <span class='ocr_line' id='line_1_28' title="bbox 160 3406 2065 3506; baseline 0 -30"><span class='ocrx_word' id='word_1_199' title='bbox 160 3409 734 3504; x_wconf 67' lang='lat' dir='ltr'><strong>ciimfunderetur</strong></span> <span class='ocrx_word' id='word_1_200' title='bbox 776 3413 1008 3498; x_wconf 86' lang='lat' dir='ltr'><strong>calor,</strong></span> <span class='ocrx_word' id='word_1_201' title='bbox 1059 3406 1187 3506; x_wconf 79' lang='lat' dir='ltr'><strong>qui</strong></span> <span class='ocrx_word' id='word_1_202' title='bbox 1225 3411 1367 3482; x_wconf 83' lang='lat' dir='ltr'>ima</span> <span class='ocrx_word' id='word_1_203' title='bbox 1415 3411 1629 3482; x_wconf 85' lang='lat' dir='ltr'>simul</span> <span class='ocrx_word' id='word_1_204' title='bbox 1668 3433 1745 3481; x_wconf 87' lang='lat' dir='ltr'><strong>ac</strong></span> <span class='ocrx_word' id='word_1_205' title='bbox 1783 3431 2065 3479; x_wconf 85' lang='lat' dir='ltr'>summa</span> 
     </span>
     <span class='ocr_line' id='line_1_29' title="bbox 159 3511 2061 3625; baseline -0.001 -38"><span class='ocrx_word' id='word_1_206' title='bbox 159 3518 406 3592; x_wconf 83' lang='lat' dir='ltr'><strong>foveret</strong></span> <span class='ocrx_word' id='word_1_207' title='bbox 435 3523 846 3614; x_wconf 82' lang='lat' dir='ltr'><strong>aequaliter.</strong></span> <span class='ocrx_word' id='word_1_208' title='bbox 883 3521 1093 3625; x_wconf 76' lang='lat' dir='ltr'>Quid</span> <span class='ocrx_word' id='word_1_209' title='bbox 1117 3525 1372 3615; x_wconf 81' lang='lat' dir='ltr'><strong>loquar</strong></span> <span class='ocrx_word' id='word_1_210' title='bbox 1400 3545 1772 3606; x_wconf 81' lang='lat' dir='ltr'><strong>marmora,</strong></span> <span class='ocrx_word' id='word_1_211' title='bbox 1798 3511 2061 3610; x_wconf 80' lang='lat' dir='ltr'><strong>quibus</strong></span> 
     </span>
     <span class='ocr_line' id='line_1_30' title="bbox 160 3623 2058 3732; baseline -0.001 -38"><span class='ocrx_word' id='word_1_212' title='bbox 160 3630 448 3722; x_wconf 86' lang='lat' dir='ltr'><strong>templa,</strong></span> <span class='ocrx_word' id='word_1_213' title='bbox 494 3631 762 3722; x_wconf 83' lang='lat' dir='ltr'><strong>q‘uibus</strong></span> <span class='ocrx_word' id='word_1_214' title='bbox 811 3629 1070 3702; x_wconf 88' lang='lat' dir='ltr'>domus</span> <span class='ocrx_word' id='word_1_215' title='bbox 1120 3629 1445 3727; x_wconf 81' lang='lat' dir='ltr'><strong>fulgent?</strong></span> <span class='ocrx_word' id='word_1_216' title='bbox 1499 3627 1710 3732; x_wconf 72' lang='lat' dir='ltr'>Quid</span> <span class='ocrx_word' id='word_1_217' title='bbox 1750 3623 2058 3718; x_wconf 85' lang='lat' dir='ltr'>lapideas</span> 
     </span>
     <span class='ocr_line' id='line_1_31' title="bbox 161 3733 2060 3828; baseline 0.001 -26"><span class='ocrx_word' id='word_1_218' title='bbox 161 3739 359 3808; x_wconf 88' lang='lat' dir='ltr'><strong>moles</strong></span> <span class='ocrx_word' id='word_1_219' title='bbox 377 3738 458 3808; x_wconf 88' lang='lat' dir='ltr'><strong>in</strong></span> <span class='ocrx_word' id='word_1_220' title='bbox 485 3738 898 3809; x_wconf 85' lang='lat' dir='ltr'><strong>rotundum</strong></span> <span class='ocrx_word' id='word_1_221' title='bbox 919 3763 1000 3812; x_wconf 81' lang='lat' dir='ltr'><strong>ac</strong></span> <span class='ocrx_word' id='word_1_222' title='bbox 1023 3739 1182 3812; x_wconf 85' lang='lat' dir='ltr'><strong>leve</strong></span> <span class='ocrx_word' id='word_1_223' title='bbox 1210 3737 1541 3810; x_wconf 84' lang='lat' dir='ltr'><strong>formatas</strong></span> <span class='ocrx_word' id='word_1_224' title='bbox 1560 3789 1579 3822; x_wconf 89' lang='lat'>,</span> <span class='ocrx_word' id='word_1_225' title='bbox 1608 3733 1871 3828; x_wconf 79' lang='lat' dir='ltr'><strong>quibus</strong></span> <span class='ocrx_word' id='word_1_226' title='bbox 1894 3757 2060 3828; x_wconf 87' lang='lat' dir='ltr'>por-</span> 
     </span>
    </p>
   </div>
   <div class='ocr_carea' id='block_1_7' title="bbox 46 3844 2059 3947">
    <p class='ocr_par' dir='ltr' id='par_1_8' title="bbox 46 3844 2059 3947">
     <span class='ocr_line' id='line_1_32' title="bbox 46 3844 2059 3947; baseline -0.001 -29"><span class='ocrx_word' id='word_1_227' title='bbox 46 3881 48 3928; x_wconf 82' lang='lat'>;</span> <span class='ocrx_word' id='word_1_228' title='bbox 162 3844 314 3919; x_wconf 77' lang='lat' dir='ltr'>tiens</span> <span class='ocrx_word' id='word_1_229' title='bbox 377 3865 450 3922; x_wconf 86' lang='lat' dir='ltr'><strong>et</strong></span> <span class='ocrx_word' id='word_1_230' title='bbox 511 3847 789 3944; x_wconf 73' lang='lat' dir='ltr'>capacia</span> <span class='ocrx_word' id='word_1_231' title='bbox 843 3851 1288 3947; x_wconf 84' lang='lat' dir='ltr'><strong>populorum</strong></span> <span class='ocrx_word' id='word_1_232' title='bbox 1349 3865 1534 3921; x_wconf 85' lang='lat' dir='ltr'><strong>tecta</strong></span> <span class='ocrx_word' id='word_1_233' title='bbox 1584 3845 2059 3944; x_wconf 80' lang='lat' dir='ltr'>suscipimus?</span> 
     </span>
    </p>
   </div>
  </div>
 </body>
</html>
