2759 4825
613 401 750 474 130
986 371 1070 444 L.
1118 368 1559 445 ΛΝΝΑΕῙ
1606 326 2131 450 SENECAE

605 534 785 608 dum
829 549 948 605 est.
1001 529 1088 602 Et
1113 529 1256 602 fera
1291 532 1503 602 nobis
1541 534 1783 626 aliquo
1817 536 1981 606 loco
2020 547 2393 623 occurret,
2442 551 2517 606 et

599 647 831 727 homo
881 643 1336 738 perniciosior
1380 643 1539 714 feris
1591 645 1947 716 omnibus.
2007 644 2228 717 Aliud
2278 672 2464 740 aqua
2491 697 2515 736 ‚

599 752 798 826 aliud
818 754 996 850 ignis
1022 741 1286 846 eripiet.
1318 751 1525 822 Hanc
1546 777 1785 824 rerum
1814 754 2309 838 conditionem
2350 781 2518 829 mu-

600 884 748 944 tare
771 887 922 936 non
941 885 1343 958 possumus:
1375 861 1562 934 illud
1582 887 1956 956 possumus
1973 915 2000 951 ,
2026 889 2376 964 magnum
2398 892 2515 938 su·

598 999 795 1050 mere
819 975 1142 1046 animum
1175 989 1250 1045 et
1271 974 1423 1044 viro
1452 973 1657 1046 bono
1688 973 2025 1072 dignum,
2060 1001 2211 1070 quo
2238 976 2514 1050 fortiter

597 1089 892 1166 fortuita
917 1088 1310 1183 patiamur,
1348 1109 1425 1158 et
1446 1104 1739 1160 naturae
1784 1089 2329 1162 consentiamus,
2366 1092 2516 1163 Na-

597 1215 756 1274 tura
805 1212 1046 1270 autem
1079 1196 1256 1283 hoc,
1295 1196 1503 1288 quod
1540 1195 1775 1284 vides,
1826 1221 2126 1295 regnum
2172 1201 2513 1271 mutatio-

594 1309 810 1385 nibus
853 1320 1224 1398 tempaeat.
1267 1303 1541 1374 Nubilo
1586 1315 1829 1376 serena
1866 1305 2303 1393 succedunt3
2357 1325 2515 1378 tur-

593 1418 857 1492 bantur
905 1414 1164 1500 maria,
1207 1438 1439 1506 quum
1483 1415 1940 1508 quieverunt3
1993 1415 2171 1488 flant
2202 1417 2511 1490 invicem

591 1526 825 1612 venti3
857 1539 1150 1598 noctem
1175 1521 1321 1594 dies
1339 1526 1696 1618 sequitur3
1730 1550 1882 1619 pars
1912 1527 2093 1596 coeli
2120 1531 2507 1626 consurgit,

592 1659 750 1728 pars
775 1632 1148 1728 mergitur3
1179 1631 1536 1700 contrariis
1560 1656 1793 1702 rerum
1823 1634 2189 1704 aeternitas
2210 1653 2508 1706 consuat.

594 1743 714 1816 Ad
736 1743 916 1812 hanc
942 1744 1178 1836 lege·
1201 1742 1480 1811 animus
1514 1757 1753 1812 noster
1776 1741 2129 1836 aptandus
2156 1759 2291 1816 est:
2330 1747 2512 1816 hanc

591 1867 959 1946 sequatur,
975 1851 1142 1922 huic
1165 1866 1401 1944 pareat
1422 1876 1443 1936 3
1472 1868 1544 1922 et
1560 1901 1583 1938 ,
1616 1875 2123 1946 quaecumque
2147 1853 2363 1943 fiunt,
2390 1855 2512 1928 de·

589 1962 826 2056 buisse
856 1959 1002 2030 fieri
1029 1974 1240 2051 putet
1259 2006 1283 2045 ,
1315 1982 1450 2030 nec
1478 1955 1650 2030 {velit
1676 1959 2041 2057 obiurgare
2066 1961 2426 2036 Naturam.

691 2066 1082 2161 Optimum
1122 2081 1258 2152 est,
1306 2067 1459 2158 pati
1492 2067 1696 2157 quod
1732 2067 2109 2140 emendare
2150 2091 2302 2140 non
2344 2096 2512 2163 pos·
2586 2115 2609 2124 Α

488 2252 501 2265 ,
589 2177 716 2263 sis;
763 2191 838 2246 et
875 2173 1154 2261 Deum,
1197 2195 1348 2264 quo
1394 2189 1685 2248 auctore
1724 2191 1977 2246 cuncta
2024 2176 2510 2266 proveniunt,

589 2287 740 2373 sine
766 2282 1334 2356 murmuratione
1358 2282 1699 2353 comitari.
1728 2283 1953 2357 Malus
1982 2283 2183 2356 miles
2216 2300 2344 2372 est,
2376 2290 2510 2378 qui

587 2394 1092 2489 imperatorem
1129 2414 1415 2487 gemens
1451 2389 1791 2483 sequitur.
1842 2392 2082 2495 Quare
2108 2391 2364 2490 inpigri
2402 2411 2508 2465 at·
2604 2407 2609 2420 “

588 2526 736 2597 que
779 2502 1030 2571 alacres
1065 2497 1497 2596 excipiamus
1541 2496 1876 2591 imperia,
1927 2522 2061 2569 nec
2109 2498 2505 2572 deseramus

585 2611 794 2683 hunc*
805 2608 1033 2702 operis
1058 2606 1515 2701 pulcherrimi
1554 2608 1882 2695 cursum,
1924 2608 2079 2695 cui,
2132 2609 2505 2703 quidquid
2566 2656 2569 2658 Α

584 2722 936 2819 patimur,
964 2718 1328 2789 intextum
1355 2734 1455 2787 est
1474 2742 1494 2801 3
1524 2733 1596 2788 et
1610 2718 1703 2787 sic
1723 2716 2201 2809 adloquamur
2222 2718 2499 2809 Iovem,

583 2832 788 2904 cuius
811 2829 1290 2929 gubernaculo
1319 2829 1542 2899 moles
1570 2828 1693 2899 ista
1737 2828 2098 2925 dirigitur,
2144 2833 2499 2923 quemad·-

582 2942 890 3018 modum
921 2940 979 3011 C
1000 2958 1042 3013 1.
1071 2958 1116 3009 F.
1140 2958 1191 3009 A
1215 2959 1265 3009 N
1293 2958 1340 3033 :r
1363 2958 1414 3007 Η
1434 2958 1479 3008 Ε
1500 2959 1533 3009 s
1578 2956 1818 3008 noster
1862 2939 2171 3031 versibus
2199 2941 2502 3013 disertis-

580 3050 770 3121 simis
804 3046 1256 3140 adloquitu13
1314 3072 1496 3138 quos
1533 3045 1713 3119 mihi
1756 3046 1831 3115 in
1872 3065 2195 3119 nostrum
2236 3076 2498 3123 sermo-

578 3180 752 3230 nem
791 3172 1066 3228 mutare
1101 3156 1587 3248 permittitur,
1626 3154 2026 3244 Ciceronis,
2072 3157 2497 3229 disertissimi

573 3270 756 3357 viri,
803 3268 1161 3361 exemplo.
1205 3264 1282 3337 Si
1328 3269 1765 3362 placuerint,
1811 3269 1987 3339 boni
2020 3272 2392 3384 consules3
2442 3272 2529 3343 si-

498 3376 1160 3475 displicuerint,
1134 3376 1300 3445 scies
1337 3402 1458 3449 me
1494 3400 1573 3447 m
1608 3377 1745 3449 hoc
1788 3391 2182 3471 sequutum
2212 3379 2499 3449 Cicero-

573 3486 686 3564 nis
711 3487 1147 3579 exemplum.

667 3595 828 3670 Duc
853 3620 1002 3670 me
1023 3620 1300 3693 parens,
1341 3593 1615 3691 celsique
1647 3594 2006 3667 dominator
2022 3598 2195 3696 poli.

666 3730 1050 3801 quocumque
1073 3706 1373 3803 placuit.-
1410 3707 1593 3777 nulla
1618 3708 1895 3805 parendi
1925 3726 2101 3777 mora
2130 3721 2265 3777 este

667 3814 892 3886 adsum
932 3815 1201 3914 inpiger.
1225 3814 1358 3889 Fac
1391 3816 1603 3892 nolle.
1633 3818 1975 3889 comitabor
1988 3840 2287 3914 gemens,
