2759 4825
607 384 1417 465 EPISTOLA
1514 365 2168 494 cv111.'1„

246 548 562 642 aliquam
599 547 836 642 legem
881 544 1068 617 vitae
1101 547 1491 640 accipiant,
1540 574 1685 643 qua
1728 541 1964 626 mores
2006 576 2169 630 suos

247 658 570 754 exigant5
607 655 734 726 sed
775 670 858 728 ut
891 655 1429 728 oblectamento
1472 661 1757 730 aurium
1796 659 2171 755 perfruam·

243 786 382 844 tur:
427 767 682 868 Aliqui
711 783 954 838 tamen
997 783 1072 838 et
1115 791 1284 838 cum
1317 768 1779 866 pugillaribus
1818 773 2165 863 veniunt3
2246 849 2256 858 ‚

242 901 394 948 non
419 894 507 947 ut
536 900 646 947 res
672 875 1068 971 excipiant,
1101 877 1226 948 sed
1253 895 1336 949 ut
1375 879 1627 965 verba,
1670 903 1856 971 quae
1890 897 2035 954 tam
2076 884 2167 954 si·-

240 1012 331 1059 ne
348 985 694 1081 profectu
715 986 949 1056 alieno
970 986 1259 1075 discant,
1284 1010 1505 1080 quam
1524 989 1673 1058 sine
1694 1013 1825 1061 suo
1838 990 2166 1064 audiunt.

245 1098 578 1203 Quidam
603 1095 699 1166 ad
727 1095 1126 1194 magnificas
1153 1118 1362 1168 voces
1388 1097 1785 1170 excitantur
1803 1146 1825 1183 ,
1854 1113 1927 1168 et
1951 1115 2168 1181 tuns-

245 1227 420 1283 eunt
448 1209 527 1280 in
557 1205 926 1281 adfectum
949 1207 1346 1300 dicentium
1365 1259 1394 1298 ,
1413 1209 1667 1280 alacres
1686 1211 1895 1285 vultu
1922 1229 1995 1278 et
2020 1208 2171 1280 ani-

242 1345 404 1404 m03
447 1341 584 1390 nec
607 1318 806 1390 aliter
843 1320 1335 1405 concitantur,
1369 1319 1848 1410 quamsolent
1877 1317 2165 1414 Phrygii

247 1429 552 1499 tibicinis
593 1451 774 1501 sono
822 1428 1168 1516 semiviri,
1211 1446 1284 1500 et
1329 1452 1422 1498 ex
1468 1428 1779 1520 imperio
1826 1426 2163 1500 furentes.

246 1537 460 1632 Rapit
499 1539 660 1610 illos
707 1538 1132 1636 instigatque
1177 1562 1415 1610 rerum
1456 1537 1961 1632 pulchritudo,
2010 1560 2166 1610 non

242 1648 636 1718 verborum
661 1646 982 1720 inanium
1003 1647 1295 1718 sonitus.
1338 1645 1416 1716 Si
1446 1646 1626 1738 quid
1646 1645 1891 1718 acriter
1918 1662 2167 1720 contra

241 1761 554 1828 mortem
577 1755 854 1830 dictum
881 1773 1020 1844 est,
1050 1757 1104 1826 si
1131 1755 1314 1848 quid
1337 1772 1585 1826 contra
1607 1755 1973 1828 fortunam
1994 1777 2169 1828 cone

243 1867 660 1954 tumaciter3
705 1867 904 1938 iuvat
939 1867 1264 1959 protinus
1285 1917 1306 1952 ,
1361 1889 1549 1957 quae
1584 1864 1865 1953 audias,
1912 1863 2159 1936 facere.

245 1975 704 2072 Adficiuntur
739 1977 905 2048 illis:
945 1994 1018 2046 et
1047 1995 1217 2048 sunt
1259 1975 1503 2068 quales
1536 1975 1915 2063 iubentur,
1962 1973 2019 2046 si
2048 1975 2168 2049 iun

243 2091 490 2174 animo
531 2089 761 2160 forma
805 2104 1214 2181 permaneat
1236 2137 1259 2174 ,
1309 2087 1364 2158 si
1408 2111 1560 2169 non
1601 2086 1963 2181 impetum
2004 2086 2169 2170 insi-

242 2221 460 2294 gnem
488 2198 816 2290 protinus
841 2199 1152 2291 populus
1174 2248 1201 2284 ,
1236 2197 1516 2268 honesti
1546 2195 1928 2284 dissuasor,
1976 2197 2169 2270 cxci-.-

245 2307 416 2397 piat.
464 2304 682 2376 Pauci
723 2304 917 2377 illam
939 2309 986 2394 ,⁶
1015 2329 1236 2397 quam·
1280 2321 1795 2404 conceperant,
1844 2320 2169 2378 mentem

239 2418 558 2515 ⁸domum
583 2416 890 2510 perferre
912 2433 1332 2513 potuerunt.

344 2528 576 2599 Facile
617 2545 756 2616 est,
802 2527 1206 2601 auditorem
1246 2530 1602 2601 concitare
1614 2530 1719 2599 *ad
1746 2527 2165 2623 cupidinem

236 2636 456 2711 tecti:
506 2637 842 2710 omnibus
881 2637 1074 2711 enim
1119 2654 1372 2711 natura
1416 2638 1889 2713 fundamenta
1921 2638 2161 2726 dedit,

242 2771 642 2839 semenque
687 2748 1080 2833 virtutum3
1137 2772 1385 2819 omnes
1432 2749 1523 2819 ad
1567 2751 1809 2821 omnia
1846 2750 1975 2819 ista
2013 2752 2164 2819 nati

246 2874 526 2941 snmus-»3
563 2878 802 2949 quum
833 2854 1162 2933 inritator
1195 2856 1475 2927 accessit
1500 2906 1521 2940 ,
1570 2873 1748 2926 tunc
1778 2856 1897 2925 illa
1942 2854 2163 2925 animi

247 2966 483 3051 bona,
509 2968 702 3035 velut
721 2965 983 3058 sopita,
1017 2966 1431 3037 excitantur.
1462 2964 1633 3037 Non
1658 2964 1883 3051 vides,
1902 2988 2166 3058 quem-

245 3074 648 3147 admodum
675 3076 948 3146 theatra
979 3094 1410 3163 consonent,
1439 3075 1775 3169 quotiens
1798 3076 2033 3167 aliqua
2056 3074 2165 3145 di-

252 3206 364 3257 cta
387 3204 552 3256 sunt
569 3238 592 3275 ,
625 3212 808 3280 quae
831 3187 1122 3285 publice
1147 3189 1685 3287 adgnoscimus,
1716 3204 1791 3259 et
1814 3210 2162 3259 consensu

249 3322 419 3370 vera
445 3322 582 3369 esse
619 3300 1010 3371 testamur?

344 3407 606 3479 Desunt
642 3412 888 3507 inopiae
915 3409 1161 3483 multa,
1185 3413 1509 3490 ,avaritiae
1532 3410 1764 3479 omnia.
1826 3456 1829 3461 -

347 3524 432 3592 In
465 3522 718 3591 nullum
745 3546 984 3592 avarus
1005 3521 1207 3589 bonus
1239 3538 1368 3593 est,
1398 3522 1465 3589 in
1494 3542 1565 3587 se
1581 3517 1910 3614 pessimus.

250 3626 372 3697 Ad
404 3630 533 3697 hos
557 3650 793 3698 versus
821 3628 948 3697 -iue
975 3625 1483 3695 sordidissimus
1508 3621 1791 3715 plaudit
1811 3670 1835 3705 ,
1868 3632 1943 3687 et
1976 3615 2161 3689 vitiis

245 3738 388 3807 suis
427 3736 581 3807 fieri
619 3736 1028 3809 convicium
1063 3736 1347 3830 gaudet.
1412 3732 1714 3837 Quanto
1760 3730 1979 3825 magis
2022 3729 2160 3799 hoc

239 3847 510 3921 iudicas
543 3840 828 3923 evenire
851 3898 878 3941 ,
918 3850 1152 3943 quum
1190 3872 1250 3921 a.
1271 3846 1709 3941 Philosopho
1736 3841 1865 3917 ista
1906 3841 2163 3921 dicun·-
2271 3940 2277 3953 ι
