2759 4825
658 435 794 506 114
891 375 902 382 ’
1033 407 1603 484 LANNAm
1649 378 2205 482 SENECAE

1027 569 1378 642 SENECA
1422 569 1671 640 Lucilio
1708 593 1818 640 suo
1858 547 2167 642 Selutem.

647 633 774 768 IN
799 691 1338 763 Nomentanum
1359 713 1606 760 meum
1628 687 1815 787 fugi,
1849 727 1921 742 -—
1950 689 2133 782 quid
2152 683 2408 782 putas?
2428 685 2560 762 Ur·

511 826 562 886 ‚⁴
641 803 868 878 bem?
894 842 966 856 -
1003 801 1231 874 immo
1257 801 1530 872 febrem
1555 851 1577 887 ‚
1606 801 1679 871 et
1708 799 2003 892 quidem
2024 801 2555 894 subrepentem.

637 917 786 986 Iam
828 936 1123 986 manum
1163 913 1340 984 mihi
1379 913 1747 996 iniecerat3
1797 914 2121 1004 protinus
2148 912 2393 1006 itaque
2426 940 2552 1007 pa·

633 1025 766 1096 rari
797 1022 1206 1093 vehiculum
1235 1021 1439 1110 iussi,
1476 1019 1769 1095 Paulina
1790 1043 1949 1090 mea
1980 1019 2354 1122 retinente.
2394 1019 2552 1092 Me·

632 1133 832 1205 dicus
878 1131 1076 1202 initia
1108 1155 1248 1202 esse
1281 1131 1608 1219 dicebat,
1676 1132 1889 1201 motis
1921 1132 2154 1219 venis,
2206 1150 2279 1202 et
2323 1133 2552 1204 incer-

626 1243 713 1330 tis
733 1325 749 1334 -
783 1259 858 1314 et
885 1225 1272 1314 naturale‘m
1303 1239 1760 1312 turbantibus
1788 1239 2114 1312 modum.
2161 1241 2369 1312 Exire
2392 1267 2553 1336 per·

625 1352 953 1426 severavi.
993 1349 1189 1420 Illud
1214 1348 1387 1419 mihi
1424 1349 1498 1418 in
1546 1373 1671 1420 ore
1708 1365 1853 1420 erat
1891 1348 2171 1419 domini
2207 1349 2349 1418 mei
2374 1348 2553 1420 Gal-

623 1464 870 1551 lioniS,
901 1461 1073 1555 qui,
1109 1484 1336 1553 quum
1365 1460 1443 1530 in
1482 1459 1740 1530 Achaia
1774 1459 2048 1529 febrem
2090 1458 2549 1531 habere-coe·
2594 1484 2601 1490 ·

623 1575 876 1670 pisset,
911 1570 1235 1666 protinus
1274 1592 1530 1638 navem
1564 1567 1962 1654 adscendit,
1996 1568 2363 1638 clamitans
2386 1593 2541 1640 non

513 1719 530 1738 x
624 1681 934 1775 corporis
960 1703 1146 1765 esse,
1187 1677 1308 1747 sed
1353 1675 1493 1746 loci
1520 1675 1880 1747 morbum.
1930 1676 2093 1748 Hoc
2134 1701 2267 1774 ego
2307 1677 2542 1747 Pauli-

620 1815 757 1864 nae
803 1793 1005 1860 'meae
1051 1788 1250 1873 dixi,
1306 1810 1493 1879 quae
1544 1785 1720 1855 mihi
1770 1785 2244 1856 valitudinem
2300 1811 2538 1856 meam

616 1897 1100 1973 commendat.
1142 1897 1331 1968 Nam
1353 1947 1374 1982 ,
1404 1919 1638 1987 quum
1664 1895 1872 1966 sciam
1898 1895 2228 1989 spiritum
2252 1895 2439 1967 illius
2460 1896 2539 1966 in

619 2032 788 2082 meo
816 2007 1031 2092 verti,
1063 2004 1328 2096 incipio
1347 2054 1371 2091 ,
1400 2023 1479 2074 ut
1502 2005 1606 2072 illi
1631 2007 1995 2076 consulam
2014 2047 2055 2092 ,·
2074 2005 2249 2078 mihi
2278 2029 2540 2078 consu-

617 2121 796 2201 lere3
837 2133 946 2202 et,
975 2121 1206 2207 quum
1253 2137 1370 2182 me
1414 2111 1775 2184 fortiorem
1822 2127 2143 2186 senectus
2181 2113 2285 2185 ad‘
2304 2117 2537 2187 multa

615 2223 1044 2308 reddiderit,
1079 2219 1216 2292 hoc
1248 2220 1684 2292 beneficium
1726 2222 1963 2293 aetatis
1988 2224 2264 2299 amitto.
2311 2223 2537 2300 Venit

613 2332 808 2410 enim
838 2330 1012 2403 mihi
1048 2331 1123 2401 in
1148 2348 1507 2419 mentem,
1544 2334 1620 2402 in
1654 2332 1795 2404 hoc
1826 2355 1990 2404 sene
2027 2347 2100 2404 et
2120 2333 2535 2406 adolescen-

614 2457 764 2513 tem
798 2466 982 2528 esse,
1023 2444 1138 2511 cui
1170 2443 1499 2534 parcitur.
1543 2443 1839 2537 Itaque,
1878 2440 2225 2535 quoniam
2266 2466 2401 2540 ego
2434 2447 2531 2516 ab

613 2552 733 2624 illa
773 2574 924 2623 non
965 2551 1315 2645 impetro,
1355 2568 1440 2622 ut
1474 2576 1593 2622 me
1634 2541 1901 2622 fortius*
1920 2567 2111 2623 amet
2134 2600 2159 2640 ,
2193 2551 2531 2646 impetrat

611 2661 732 2732 illa
759 2655 1070 2760 [amm]
1113 2678 1194 2731 ut
1239 2686 1356 2732 me
1397 2660 1806 2757 diligentius
1844 2684 2100 2737 amem.
2141 2660 2528 2759 Indulgen-

613 2766 805 2839 dum·
828 2785 932 2839 est
974 2767 1166 2857 enirn
1211 2768 1523 2861 honestis
1564 2768 1994 2840 adfectibus:
2032 2784 2106 2841 et
2132 2768 2524 2861 interdum,

615 2879 827 2948 etiam
871 2878 924 2947 si
978 2894 1321 2971 premunt
1375 2902 1662 2965 causae,
1713 2876 1993 2971 spiritus
2044 2878 2122 2948 in
2166 2878 2521 2960 honorem

611 3008 904 3058 suorum
932 2990 1048 3058 vel
1073 2981 1629 3059 cum'tormento
1654 2988 2091 3059 revocandus
2110 3038 2131 3076 ,
2166 3008 2237 3060 et
2260 2989 2333 3059 in
2363 2992 2519 3085 ipso

613 3123 735 3169 ore
772 3099 1184 3171 retinendus
1217 3118 1353 3185 θεῖς
1400 3122 1628 3191 quum
1679 3099 1879 3169 bono
1923 3098 2077 3170 viro
2123 3098 2519 3174 vivendum

599 3207 740 3292 usit,
789 3230 941 3277 non
981 3206 1333 3299 quamdiu
1368 3206 1606 3295 iuvat,
1644 3205 1787 3275 seda
1814 3205 2161 3299 quamdiu
2202 3224 2513 3301 oportet.

488 3393 492 3398 ,
533 3361 538 3367 ·
609 3316 779 3404 nle,
811 3317 1112 3410 quinon
1142 3340 1481 3402 uxorem,
1518 3326 1674 3392 ‘non
1699 3318 2013 3387 amicum
2049 3317 2229 3387 tanti
2265 3336 2512 3413 putat,

541 3405 574 3437 υ
612 3426 696 3497 u't
751 3424 1017 3496 diutius
1063 3425 1140 3497 in
1183 3428 1328 3496 vita
1369 3444 1895 3514 commoretur,
1942 3426 2069 3519 qui
2114 3444 2513 3521 perseverat

607 3534 830 3621 mori,
860 3529 1194 3603 delicatus
1226 3549 1344 3603 est.
1363 3534 1535 3631 ‘Hoc
1557 3557 1859 3627 quoque
1878 3533 2182 3628 imperet
2205 3536 2335 3607 sibi
2360 3538 2512 3607 ani-

607 3657 816 3727 mus,
853 3638 981 3711 ubi
1019 3639 1276 3710 utilitas
1297 3662 1593 3711 suorum
1620 3641 1877 3737 exigit3
1911 3662 2043 3711 nee
2080 3658 2364 3715 tantum
2386 3694 2411 3732 ,
2453 3644 2507 3715 si

607 3750 769 3819 vult
803 3750 1031 3838 mori,
1066 3749 1188 3819 sed
1228 3750 1280 3819 si
1322 3748 1604 3857 coepit,
1647 3748 2110 3839 intermittat,
2154 3768 2229 3825 et
2256 3756 2393 3825 suis
2432 3779 2504 3825 se

609 3858 1049 3933 commodet.
1074 3860 1385 3960 Ingentis
1406 3862 1625 3939 animi
1652 3879 1790 3955 est,
1818 3862 2041 3934 aliena
2058 3866 2379 3960 causa-ad
2399 3865 2497 3939 vi-
