2759 4825
595 403 735 456 202
951 375 1037 450 L.
1087 371 1561 450 ANNAEI
1606 371 2131 449 SENECAE

587 540 1010 634 perantiam,
1035 538 1569 627 fortitudinem,
1593 537 2055 632 prudentiam
2079 587 2103 628 ,
2132 535 2517 624 iustitiam3

591 668 664 722 et
687 674 903 750 suum
929 651 1198 745 cuique
1241 650 1574 722 dedimus
1606 650 1940 722 officium.

683 761 795 832 Ex
819 785 972 854 quo
1015 784 1184 857 ergo
1209 759 1579 832 Virtutem
1608 757 2137 834 intelleximus?
2172 755 2527 832 Ostendit

587 872 780 946 illam
813 873 1022 944 nobis
1067 872 1248 944 ordo
1277 873 1471 958 eiua,
1524 889 1597 944 et
1643 872 1911 959 decor,
1960 890 2033 942 et
2076 870 2525 956 constantia,

587 999 662 1074 et
689 983 1022 1052 omnium
1062 982 1246 1052 inter
1271 1004 1346 1052 se
1384 981 1760 1057 actionum¹
1792 980 2211 1067 concordia,
2247 997 2321 1050 et
2364 1003 2526 1050 ma·-

586 1089 897 1188 gnitudo
935 1114 1150 1184 super
1191 1087 1435 1160 omnia
1464 1087 1761 1160 efferens
1800 1111 1967 1160 sese.
2014 1088 2206 1159 Hinc
2234 1088 2528 1157 intelle·-

587 1217 700 1296 cta
744 1216 846 1270 est
882 1201 1000 1270 illa
1039 1201 1246 1271 beata
1287 1198 1476 1286 vita,
1528 1199 1853 1271 secundo
1900 1195 2225 1274 defluens
2266 1220 2525 1283 cursu,

585 1307 854 1380 arbitrii
879 1309 986 1379 sui
1015 1325 1187 1380 tota.
1234 1307 1640 1415 Quomodo
1666 1317 1834 1406 'ergo
1863 1309 2003 1380 hoc
2030 1307 2267 1401 ipsum
2303 1304 2525 1376 nobis

586 1419 972 1512 adparuit?
1018 1419 1293 1495 Dicam.
1349 1420 1779 1512 Numquam
1830 1421 1935 1490 vir
1986 1420 2109 1488 ille
2160 1417 2527 1512 perfectus

586 1527 1038 1623 adeptusque
1065 1531 1444 1617 virtutem,
1492 1528 1823 1600 fortunae
1864 1527 2271 1607 male-:dixin
2300 1551 2527 1598 num-

587 1661 810 1728 quam
833 1639 1224 1710 accidentia
1247 1638 1450 1708 tristis
1480 1637 1761 1730 excepit
1768 1664 1801 1732 ,-
1832 1637 2063 1710 civem
2096 1661 2239 1708 esse
2263 1661 2335 1706 se
2360 1634 2527 1706 uni-.-

587 1748 766 1818 versi
793 1766 865 1818 et
892 1749 1199 1819 militem
1229 1750 1566 1834 credens,
1617 1749 1934 1838 laboreS,
1978 1749 2525 1841 velut-impera-

587 1870 746 1943 tos,
783 1857 1024 1929 subiit.
1073 1856 1469 1961 Quidquid
1514 1857 1901 1946 inciderat,
1946 1881 2100 1929 non
2136 1875 2523 1950 tamquam

587 1969 864 2038 malum
891 1987 1296 2062 aspernatus
1317 1984 1421 2040 est
1442 1977 1475 2056 ,“
1499 1987 1571 2040 et
1599 1969 1669 2037 in
1696 1994 1767 2040 se
1794 1992 1955 2038 casu
1988 1969 2309 2040 delatum
2334 2018 2357 2054 ,
2394 1963 2527 2036 sed

593 2079 792 2171 quasi
823 2080 1228 2176 delegatum
1253 2077 1407 2150 sibi.
1464 2077 1625 2147 Hoc
1656 2080 2187 2170 qualecumque
2202 2093 2317 2147 est
2342 2081 2389 2162 ,'
2410 2075 2531 2146 in·-

590 2186 758 2280 quit
779 2238 800 2274 ,
829 2213 1074 2258 meum
1108 2203 1245 2258 est:
1275 2209 1604 2281 asperum
1634 2201 1736 2256 est
1755 2237 1778 2273 ‚
1811 2184 2077 2257 durum
2101 2202 2243 2272 est3
2276 2185 2353 2253 in
2379 2183 2527 2254 hoc

531 2338 536 2344 ·
589 2296 748 2390 ipso
775 2321 1120 2368 navemus
1143 2321 1453 2392 operam.
1500 2294 1910 2368 Necessario
1937 2295 2184 2390 itaque
2218 2317 2529 2391 magnus

587 2409 961 2503 adparuit,
1007 2409 1136 2502 qui
1163 2432 1573 2503 numquam
1609 2407 1809 2479 malis
1855 2406 2243 2505 ingemuit,
2300 2395 2527 2477 num-

589 2540 814 2611 quam
846 2520 939 2589 de
967 2516 1114 2589 fato
1139 2541 1268 2589 suo
1297 2535 1589 2611 questus
1628 2534 1765 2617 est:
1809 2515 1978 2588 fecit
2022 2516 2267 2587 multis
2305 2515 2527 2587 intel-

589 2631 859 2701 lectum
889 2632 1028 2714 sui3
1079 2644 1152 2701 et
1179 2652 1332 2700 non
1369 2629 1613 2717 aliter,
1666 2628 2007 2721 quam'in
2048 2626 2359 2699 tenebris
2406 2628 2529 2697 lu-

589 2764 798 2826 men,
826 2740 1118 2827 effulsit3
1155 2739 1617 2830 advertitque
1652 2738 1727 2807 in
1750 2764 1822 2809 se
1850 2738 2183 2809 omnium
2206 2736 2525 2824 animm,
2608 2764 2611 2768 ¹

591 2874 828 2943 quum
854 2867 1029 2921 esset
1051 2850 1370 2944 placidus
1398 2864 1469 2919 et
1496 2850 1709 2935 lenia,
1751 2849 2081 2923 humanis
2109 2848 2525 2941 divinisque

511 3028 518 3031 .
587 2960 802 3030 rebus
859 2960 1118 3052 pariter
1165 2942 1461 3053 aequus.
1534 2960 1871 3030 Habebat
1919 2958 2319 3053 perfectum
2367 2958 2530 3033 ani-

585 3066 796 3153 mum
817 3118 838 3153 ,
870 3067 960 3135 ad
985 3092 1343 3139 summam
1367 3067 1475 3137 sui
1506 3067 1899 3157 adductuS,
1918 3092 2127 3163 supra
2156 3094 2381 3162 quam
2407 3069 2528 3140 nia
2558 3098 2567 3103 ·

541 3216 545 3221 ·
589 3179 694 3249 hil
721 3194 822 3247 est
841 3228 863 3265 ,
894 3176 1022 3245 nisi
1050 3200 1250 3248 mens
1283 3177 1472 3268 Dei,
1520 3202 1610 3249 ex
1638 3204 1785 3271 qua
1810 3204 1964 3274 pars
2004 3196 2079 3253 et
2111 3182 2185 3251 in
2212 3181 2354 3253 hoc
2387 3180 2527 3276 [ιε-ι’

587 3308 744 3362 ctus
775 3290 1074 3379 mortale
1103 3287 1445 3378 defluxit3
1470 3290 1692 3383 quod
1716 3314 2121 3383 numquam
2148 3292 2369 3389 magis
2412 3292 2527 3363 di-

588 3401 842 3471 vinum
875 3416 1017 3489 est,
1053 3424 1271 3492 quam
1306 3400 1435 3471 ubi
1463 3402 1967 3475 mortalitatem
2005 3425 2203 3475 suam
2230 3403 2527 3500 cogitat,

592 3527 664 3583 et
688 3510 822 3600 scit
845 3561 868 3597 ‚
914 3508 991 3581 in
1032 3510 1172 3581 hoc
1211 3525 1465 3581 natum
1493 3509 1871 3583 *hominem
1896 3561 1917 3597 ,
1954 3527 2041 3583 ut
2080 3512 2226 3583 vita
2260 3512 2528 3585 defun·

589 3636 913 3715 geretur;
950 3641 1084 3691 nec
1109 3619 1427 3717 domum
1454 3643 1597 3691 esse
1627 3620 1767 3690 hoc
1792 3644 2089 3715 corpus,
2122 3621 2248 3693 sed
2273 3620 2530 3715 hospi-

589 3723 815 3813 tium,
861 3742 934 3797 et
972 3726 1272 3821 quidem
1315 3727 1535 3799 breve
1570 3727 2000 3821 hospitium,
2048 3728 2255 3822 quod
2302 3732 2528 3803 relin-

592 3834 980 3928 quendum
1005 3854 1142 3927 est,
1175 3836 1306 3911 ubi
1331 3854 1405 3911 te
1440 3862 1727 3937 gravem
1752 3863 1895 3911 esse
1921 3839 2203 3933 hospiti*
2215 3838 2477 3913 videas.
