2759 4825
695 373 829 446 174
1071 348 1156 420 L.
1210 345 1659 424 ΑΝΝΑΕΙ
1707 349 2219 428 SENECAE
2261 391 2297 410 a

681 509 938 578 nimus.
995 505 1122 595 Et,
1171 533 1407 600 quum
1451 533 1623 580 auro
1668 525 1851 582 tecta
1880 511 2367 605 perfudimus,
2420 517 2604 608 quid

681 620 877 691 aliud
925 643 1144 716 quam
1185 621 1567 692 mendacio
1608 623 2046 719 gaudemus?
2094 625 2357 710 scimus
2404 630 2603 700 enim

679 729 813 800 sub
849 730 970 798 illo
993 754 1166 800 auro
1191 728 1404 803 foeda
1433 731 1621 825 ligna
1648 733 1939 802 latitare.
1988 735 2060 806 N
2066 758 2144 806 ec
2170 752 2456 810 tantum
2482 763 2606 832 pa-

677 839 974 911 rietibus
995 856 1123 912 aut
1146 840 1591 913 lacunaribus
1618 857 2121 912 ornamentum
2148 858 2371 914 tenue
2398 869 2607 938 prae-

631 1023 638 1035 ,
675 951 1030 1039 tenditur;
1051 953 1378 1022 omnium
1401 951 1726 1052 istorum,
1751 975 1935 1042 quos
1956 949 2283 1023 incedere
2300 956 2481 1025 altos
2499 955 2605 1026 vi-

678 1063 826 1150 des,
843 1063 1187 1132 bracteata
1209 1061 1497 1132 felicitas
1516 1077 1639 1131 est.
1667 1061 1973 1154 Inspice,
1996 1078 2070 1132 et
2092 1063 2285 1150 scies,
2306 1065 2447 1136 sub
2470 1066 2599 1138 ista

673 1175 874 1247 tenui
903 1174 1316 1245 membrana
1339 1172 1699 1268 dignitatis
1716 1192 2073 1266 quantum
2106 1178 2271 1272 mali
2304 1177 2547 1250 iaceat.

770 1284 966 1354 Haec
1004 1283 1148 1376 ipsa
1175 1307 1328 1368 res,
1379 1305 1567 1372 quae
1604 1297 1713 1364 tot
1750 1282 2221 1378 magistratus,
2266 1300 2378 1355 tot
2403 1285 2597 1358 iudi-

671 1419 782 1467 ces
828 1393 1141 1482 detinet,
1191 1391 1376 1484 quae
1406 1408 1479 1462 et
1502 1391 1941 1487 magistratus
1986 1410 2057 1464 et
2092 1394 2361 1467 iudices
2385 1395 2591 1483 facit,

667 1501 972 1600 pecunia
995 1553 1020 1589 ,
1055 1526 1144 1572 ex
1175 1525 1328 1594 quo
1356 1502 1427 1572 in
1456 1501 1730 1572 honore
1757 1525 1901 1572 esse
1933 1505 2174 1596 coepit
2192 1553 2215 1592 ,
2246 1529 2453 1576 verus
2482 1531 2593 1578 re-

665 1640 834 1686 rum
854 1614 1088 1682 honor
1119 1611 1417 1683 cecidit:
1460 1628 2027 1706 mercatoresque
2064 1631 2137 1684 et
2162 1618 2441 1702 venales
2482 1618 2592 1688 in·

663 1726 896 1795 vicem
939 1723 1102 1792 facti
1128 1774 1151 1809 ,
1187 1723 1631 1814 quaerimus,
1664 1746 1817 1794 non
1845 1726 2057 1816 quale
2092 1726 2179 1797 sit
2213 1725 2588 1820 quidque,

663 1833 786 1904 sed
818 1833 1089 1926 quanti.
1133 1831 1249 1902 Ad
1289 1831 1693 1904 mercedem
1733 1835 1836 1926 pii
1864 1857 2152 1924 sumus,
2194 1839 2283 1908 ad
2315 1863 2587 1910 merce·

661 1943 832 2013 dem
847 1943 1058 2036 inpii.
1111 1943 1466 2028 Honesta,
1498 1943 1848 2034 quamdiu
1874 1945 2111 2037 aliqua
2138 1947 2449 2042 illis..spes
2478 1951 2585 2022 in·

621 2073 805 2142 -est‚
853 2058 1256 2148 sequimur-3
1313 2056 1387 2122 in
1422 2057 1856 2126 contrarium
1893 2058 2287 2145 transituri,
2328 2060 2386 2131 si
2418 2064 2585 2155 plus

653 2169 911 2239 scelera
937 2166 1376 2262 promittent.
1415 2165 1985 2238 Admirationem
2015 2169 2223 2238 nobis
2254 2190 2585 2262 parentes

653 2279 804 2351 auri
829 2277 1246 2378 argentique
1287 2276 1651 2364 fecerunt3
1703 2295 1777 2349 et
1810 2278 2068 2349 teneris
2102 2277 2327 2350 infusa
2371 2285 2584 2376 cupi-

655 2387 832 2461 ditas
858 2390 1062 2459 altius
1087 2387 1268 2459 sedit
1289 2438 1310 2476 ,
1339 2389 1706 2481 crevitque
1736 2388 2128 2461 nobiscum.
2156 2387 2445 2468 Deinde
2472 2407 2585 2465 to'-

651 2516 766 2569 tus
802 2501 1156 2593 populus,
1203 2498 1279 2569 in
1324 2499 1457 2569 alia
1502 2499 1763 2569 discors
1792 2550 1814 2584 ‚
1864 2501 1939 2569 in
1990 2499 2132 2569 hoc
2176 2504 2573 2589 convenit3

647 2608 788 2679 hoc
831 2609 1262 2701 suspiciunt,
1309 2608 1448 2677 hoc
1486 2609 1623 2679 suis
1664 2624 1964 2702 optant,
2008 2608 2148 2682 hoc
2194 2610 2386 2697 Diis,
2418 2618 2581 2687 vel-

648 2732 735 2785 ut
756 2738 994 2786 rerum
1020 2716 1495 2784 humanarum
1532 2715 1966 2803 maximum,
1999 2740 2234 2807 quum
2262 2721 2435 2815 grati
2470 2723 2579 2793 vi-

648 2824 801 2894 deri
833 2826 1092 2895 volunt
1110 2875 1135 2911 ,
1169 2839 1596 2895 consecrant.
1633 2822 1973 2916 Denique
1994 2850 2085 2895 eo
2114 2851 2345 2897 mores
2364 2832 2577 2903 reda·

643 2936 740 3003 cti
772 2950 974 3019 sunt,
1025 2948 1106 3003 ut
1148 2948 1519 3024 paupertas
1552 2933 1938 3025 maledicto
1980 2938 2399 3031 probroque
2432 2942 2575 3032 sit,

641 3056 1006 3110 contemta
1040 3038 1413 3123 divitibus,
1450 3039 1669 3110 invisa
1694 3042 2145 3136 pauperibus.
2184 3044 2578 3127 Accedunt

639 3146 904 3218 deinde
951 3148 1256 3217 carmina
1290 3148 1716 3235 Poetarum,
1760 3174 1947 3243 quae
1996 3151 2391 3227 adfectibus
2422 3180 2573 3232 no-

637 3256 788 3328 stris
834 3254 1056 3326 facem
1093 3255 1451 3343 subdant,
1487 3257 1753 3349 quibus
1783 3259 2115 3347 divitiae,
2150 3264 2350 3351 velut
2390 3247 2588 3339 uni-¹

637 3394 808 3441 cum
831 3368 1014 3439 vitae
1042 3368 1256 3437 decus
1275 3383 1970 3461 ornamentumque,
2001 3371 2397 3444 laudantur.
2423 3378 2571 3449 Ni-

634 3484 740 3561 hil
779 3482 910 3553 illis
958 3480 1212 3552 melius
1251 3503 1385 3551 nec
1419 3478 1963 3555 dare-videntur
1987 3483 2109 3555 Dii
2142 3478 2567 3564 inmortales

633 3614 871 3687 posse,
917 3616 1049 3663 nec
1086 3591 1366 3661 habere.

728 3702 940 3795 Regia
963 3702 1136 3772 Solis
1173 3718 1314 3771 erat
1337 3701 1710 3775 sublimibus
1742 3704 1885 3777 alta
1924 3706 2273 3781 columnis.

728 3806 914 3881 clara
945 3812 1222 3882 micante
1254 3832 1435 3881 auro.
1484 3848 1557 3864 -
