2759 4825
674 398 799 469 ¹266
1137 396 1484 480 NOTAE
1535 392 2146 474 IN‘smEcAss

678 544 801 607 ulla
826 562 902 607 ex
928 544 1177 607 vetustis
1215 562 1367 627 quas
1399 544 1526 607 vidi
1555 543 1909 609 editionibus
1943 542 2252 627 agnoscit.
2291 562 2456 627 quae
2489 546 2602 608 mi·

678 643 881 687 nutam
928 626 1347 688 Elsevirianam
1388 626 1592 707 (anno
1641 627 1814 709 1649.
1859 626 2216 708 procusam)
2255 645 2602 707 praecesse-

674 724 840 769 runt.
880 706 1180 771 Inculcata
1212 707 1273 769 h.
1311 707 1350 769 1.
1380 723 1509 769 erat
1548 706 1647 769 illa
1671 708 1958 789 particula
1995 726 2104 789 per
2139 707 2396 769 hominis
2427 728 2599 771 erro-

678 806 843 861 rem,
872 789 1014 870 qui,
1044 807 1229 869 quum
1257 788 1319 849 in
1343 786 1588 851 Gruteri
1625 785 2258 851 Animadversionibus
2301 790 2602 853 monitum

678 862 945 951 le'gisset:
984 869 1231 933 „Scribe
1264 887 1315 930 et
1343 892 1410 930 ex
1443 870 1563 930 lu's:
1602 887 1738 929 nam
1766 870 1851 930 ita
1881 872 2078 931 omnis
2111 870 2329 950 scripta
2352 870 2601 933 lectio.oe

676 968 809 1011 non
836 950 1364 1025 animadverterat,
1383 968 1652 1033 spectare
1667 950 1810 1012 iuud
1833 952 2124 1013 monitum
2149 951 2224 1011 ad
2251 952 2441 1013 verba
2459 971 2599 1013 mox

680 1032 985 1113 sequentia
1024 1050 1071 1093 et
1094 1053 1163 1093 ex
1198 1034 1283 1093 lu‘s
1313 1052 1442 1114 quae
1481 1033 1674 1102 audzb,
1715 1030 1819 1093 ubi
1857 1033 2206 1114 typothetae
2239 1050 2450 1094 errore
2488 1034 2598 1113 (in

678 1110 775 1175 ed.
799 1111 1017 1255 ξτειῗω.
1049 1134 1103 1175 2.
1126 1114 1382 1195 primum
1423 1112 1730 1195 admisso)
1770 1130 2072 1196 perperam
2110 1114 2523 1197 praetermissa
2547 1132 2594 1176 et

722 1211 909 1256 arncu
934 1214 969 1256 a
996 1211 1140 1257 erat.
2010 1204 2024 1225 '
2223 1229 2228 1233 ·

678 1213 719 1274 P
766 1275 938 1337 Pac.
966 1294 1019 1358 ς.
1046 1277 1085 1337 l.
1110 1296 1164 1336 2.
1202 1274 1439 1337 iactatio.
1479 1274 1794 1352 Perper-am
1825 1276 2086 1339 iactantia
2108 1296 2214 1339 ms.
2229 1301 2276 1340 c.
2311 1292 2372 1340 et
2395 1278 2488 1339 ed.
2513 1278 2594 1339 A.

680 1356 831 1416 Ead.
850 1358 891 1419 1.·
918 1376 973 1417 2.
1010 1357 1317 1437 compositae
1342 1360 1546 1418 mentis.
1577 1356 1808 1419 Vocem
1837 1360 1994 1431 bene,
2021 1376 2182 1439 quae
2199 1359 2262 1420 in
2279 1358 2420 1425 edd.
2443 1358 2596 1419 Ven.

680 1453 745 1499 et
772 1436 993 1501 Erasm.
1017 1438 1351 1519 praeposita
1383 1455 1546 1512 erat,
1581 1456 1743 1501 recte
1773 1437 2050 1519 ignorant
2078 1438 2210 1501 libri
2247 1440 2437 1501 nostri
2465 1458 2598 1499 om-

680 1536 804 1581 neS.
898 1520 939 1579 Ι.
978 1540 1035 1592 4.
1069 1536 1339 1580 aaronem
1370 1521 1664 1582 multorum.
1697 1518 1802 1581 ⁴Sic
1823 1538 2028 1581 mssa,
2050 1521 2100 1583 b.
2131 1536 2189 1581 et
2219 1521 2407 1603 Ampl.
2447 1519 2597 1582 Vulb

678 1616 766 1681 go
792 1600 1065 1661 multorum
1096 1618 1388 1661 auctorum.
1417 1598 1570 1664 Puto
1593 1617 1653 1661 et
1679 1600 1833 1661 alios
1851 1619 1927 1663 ex
1959 1602 2358 1663 vetustiorum
2379 1618 2592 1663 mssto-

682 1700 815 1751 rum
852 1699 1103 1743 numero
1132 1700 1267 1742 curn
1302 1681 1517 1744 nostris
1549 1681 1918 1744 consentire:
1960 1681 2064 1744 sed
2097 1681 2355 1745 leviores
2393 1682 2600 1744 huius-

685 1761 851 1825 modi
876 1761 1183 1824 varietates
1216 1762 1500 1825 adnotare
1519 1762 1976 1841 supersederunt
1997 1760 2301 1825 Pincianus
2322 1779 2382 1823 et
2406 1764 2596 1843 ›Opsc-

682 1861 914 1925 poeus,
962 1843 1177 1925 quibus
1210 1860 1450 1923 praesto
1485 1843 1724 1906 fuerunt
1756 1843 1997 1906 codices
2031 1844 2378 1925 antiquitate
2415 1863 2593 1907 vene-

682 1925 871 1987 randi.
903 1924 992 1986 Ne
1026 1922 1329 1989 Gruterus
1358 1924 1598 2020 quidem
1625 1924 1776 1987 haec
1811 1924 1952 1985 talia
1981 1926 2297 1987 admodum
2331 1926 2590 2000 curavit,

684 2004 1157 2087 diligentissimus
1185 2005 1448 2087 alioquin
1483 2006 1544 2066 in
1569 2006 1916 2069 adnotandis
1944 2024 2193 2068 suorum
2223 2004 2498 2069 codicum
2525 2008 2592 2070 ab
2720 2064 2721 2073 ,

684 2085 1031 2149 Erasmiano
1068 2086 1343 2168 exemplo
1378 2086 1796 2169 discrepantiis.

766 2170 805 2228 1.
825 2188 883 2247 9.
934 2168 1111 2228 Vitam
1144 2168 1202 2226 in
1227 2169 1633 2249 peregrinatione
1663 2166 2002 2249 exigentibus.
2035 2162 2146 2249 Sic,
2163 2168 2354 2231 nostri
2379 2186 2517 2231 mse.
2537 2192 2590 2229 a.

684 2264 749 2311 et
767 2249 818 2309 b.
846 2268 983 2309 cum
1006 2249 1190 2329 Ampl.
1212 2265 1272 2310 et
1298 2250 1480 2309 Paris.
1511 2248 1716 2327 Vulgo
1747 2248 1812 2309 In
1824 2248 2228 2331 peregrinatione
2259 2252 2430 2311 vitam
2454 2270 2594 2331 agen-

684 2332 849 2393 ribus.
880 2330 951 2391 ln
987 2348 1094 2392 ms.
1120 2353 1164 2391 c.
1186 2345 1247 2391 et
1266 2330 1357 2393 ed.
1379 2333 1460 2390 A.
1485 2347 1575 2391 est
1597 2330 1776 2392 Vitam
1797 2328 1856 2389 ἱη
1876 2329 2280 2424 peregrinatione
2306 2334 2589 2414 agentibus.

684 2415 730 2476 l.
753 2432 843 2474 10.
880 2411 1045 2473 multa
1066 2411 1299 2495 hospitia
1330 2412 1592 2485 habeam,
1616 2405 1794 2474 nulla's
1815 2411 2096 2472 atracinus.
2129 2410 2197 2473 In
2221 2432 2330 2475 ωε.
2349 2422 2400 2476 c.
2429 2427 2491 2475 et
2511 2411 2592 2477 ed.

684 2495 769 2556 A.
804 2509 893 2555 est
922 2494 1153 2575 hospitia
1187 2495 1353 2554 multa
1378 2494 1642 2568 habeant,
1687 2494 1953 2554 amicitias
1978 2493 2175 2555 nullas.
2255 2496 2297 2555 l.
2337 2513 2361 2554 1
2379 2514 2429 2556 1.
2457 2495 2592 2556 acci-

682 2578 783 2636 dat
810 2594 1007 2640 necesse
1023 2592 1119 2634 est.
1148 2573 1208 2635 N
1213 2574 1326 2637 ude
1358 2575 1555 2635 accidie
1574 2593 1726 2637 unus
1745 2590 1947 2637 noster
1972 2594 2023 2638 c.
2037 2591 2176 2636 cum
2201 2575 2335 2636 Par.
2364 2577 2418 2636 b.
2447 2575 2592 2637 Mox
2720 2609 2721 2670 3

678 2671 839 2718 vero
860 2655 972 2734 pro
998 2655 1071 2714 iis
1102 2655 1228 2734 qui,
1262 2654 1429 2736 quod
1465 2655 1658 2737 vulgo
1681 2655 2016 2738 legebatur,
2047 2672 2154 2718 aut
2186 2655 2260 2716 eis
2279 2657 2411 2735 qui,
2439 2655 2592 2738 quod

684 2753 827 2796 ante
859 2733 1165 2797 Erasmum
1202 2736 1521 2812 edebatur,
1566 2737 1864 2800 communi
1888 2755 2182 2818 consensu
2213 2737 2454 2800 codices
2483 2757 2594 2799 no-

684 2818 794 2880 stri
827 2835 962 2880 cum
989 2818 1179 2899 Ampl.
1208 2833 1267 2880 et
1290 2818 1564 2880 Par.a.b.
1587 2821 1643 2879 d.
1681 2818 1770 2879 his
1796 2819 1884 2900 qui
1907 2818 2140 2881 dedere.
2221 2821 2262 2880 l.
2279 2837 2384 2900 ·13.
2417 2819 2595 2881 cursim
2720 2857 2721 2900 3

684 2919 735 2969 et
756 2919 1103 2980 properantes.
1134 2896 1231 2960 Sic
1262 2899 1352 2960 ed.
1390 2897 1548 2962 Mur.
1581 2916 1640 2960 et
1672 2899 1820 2961 aliae
1853 2917 1992 2960 anre
2014 2897 2370 2961 Ruhk.‘cum
2393 2916 2592 2962 nostro
2720 2901 2721 2972 ἶ

684 2998 794 3040 ms.
821 3003 875 3040 a.
915 2997 975 3040 et
1004 2981 1187 3060 Ampl.
1228 2996 1593 3121 etoguatuor
1633 2978 1879 3068 Gruteri
1913 2980 2241 3044 codicibus.
2273 3001 2595 3064 properanter

687 3059 956 3138 praetulit
976 3059 1174 3120 Ruhk.
1210 3079 1291 3140 qu
1401 3061 1686 3124 dederunt
1716 3062 1848 3124 edd.
1884 3079 2017 3124 ante
2043 3062 2202 3125 Mur.
2221 3081 2359 3125 cum
2390 3081 2523 3125 mss.
2541 3064 2591 3122 b.

690 3161 737 3202 c.
778 3157 837 3200 et
869 3159 994 3200 uno
1030 3157 1107 3200 ex
1142 3139 1394 3202 Gruter-i
1435 3143 1603 3204 codd.
1689 3142 1726 3204 1.
1765 3163 1852 3218 14·
1888 3145 2086 3224 corpori
2141 3145 2356 3206 accedit.
2405 3145 2596 3206 accedit

688 3220 889 3304 corpori
908 3238 1015 3282 ms.
1038 3241 1089 3282 c.
1113 3235 1177 3281 et
1205 3220 1292 3283 ed.
1312 3224 1393 3282 A.
1436 3223 1620 3298 Mox,
1643 3241 1768 3284 non
1785 3243 1991 3286 sumus
2007 3223 2472 3287 scribunt-codd.
2492 3243 2594 3286 no-

687 3303 793 3364 stri
825 3319 885 3364 et
908 3302 1001 3364 ed.
1028 3303 1105 3364 A.
1133 3316 1197 3363 et
1224 3305 1378 3364 Rom.
1407 3304 1510 3364 sed
1541 3323 1776 3386 sumptus
1784 3330 1815 3381 ;
1841 3321 1904 3367 et
1929 3304 2113 3387 paulo
2142 3323 2278 3388 post
2296 3350 2316 3380 ‚
2338 3323 2594 3389 temptan-
2720 3325 2721 3376 3

686 3401 807 3456 tur,
830 3402 939 3466 pro
958 3401 1254 3446 tentantur.-
1284 3402 1409 3467 quo
1431 3385 1504 3448 de
1531 3401 1740 3468 genere
1755 3387 1822 3448 ‚in
1848 3385 2224 3453 praefatione
2237 3387 2472 3453 dictum
2487 3394 2594 3450 est.
2720 3437 2721 3446 ,

688 3465 729 3528 l.
778 3486 801 3526 ι
817 3483 868 3546 ς.
900 3487 1053 3547 aeque
1083 3467 1373 3529 sanitatem.
1405 3487 1525 3549 eque
1550 3484 1660 3530 tum
1687 3468 1962 3528 sanitatem
1993 3487 2098 3530 ms.
2119 3471 2172 3530 b.

769 3548 812 3606 l.
851 3565 945 3622 17.
976 3548 1034 3608 in
1058 3569 1161 3627 quo
1188 3547 1556 3610 medicamenta
1588 3565 1861 3610 tentantur.
1896 3547 1995 3612 Sic
2035 3566 2197 3612 recte
2226 3549 2389 3614 editt.
2422 3550 2596 3614 Rom.

686 3623 875 3688 Tarv.
907 3643 965 3689 et
986 3627 1141 3690 Ven.
1172 3647 1493 3710 rursusque
1521 3629 1612 3692 ed.
1646 3629 1808 3691 Mur.
1843 3629 1990 3692 curn‘
2010 3631 2204 3694 msstis
2234 3632 2453 3694 nostris
2480 3657 2530 3697 a.
2549 3633 2593 3693 b.

690 3710 879 3789 Ampl.
920 3727 980 3770 er
1015 3709 1143 3770 Par.
1169 3713 1219 3774 b.
1240 3712 1297 3771 d.
1334 3710 1547 3792 quibus
1585 3726 1648 3772 et
1691 3710 1788 3772 alii
1825 3712 2102 3786 codices,
2149 3713 2222 3772 ab
2257 3711 2593 3796 Opsopoeo

691 3789 957 3862 excussi,
982 3789 1139 3852 haud
1170 3791 1344 3854 dubie
1368 3791 1862 3860 adsentiebantur.
1916 3795 1976 3854 in
1999 3815 2102 3876 quo
2128 3797 2304 3856 crebra
2331 3798 2594 3862 madunt.

688 3866 869 3930 edidit
888 3869 1195 3950 Erasmus,
1225 3875 1386 3958 quod
1408 3875 1584 3966 estin
1613 3889 1822 3940 nostro
1843 3893 1952 3938 ms.
1967 3897 2020 3939 c.
2039 3891 2100 3938 et
2131 3874 2195 3936 in
2219 3875 2316 3940 ed.
2331 3877 2418 3944 A.
2437 3875 2593 3938 Dein
