2759 4825
535 374 1345 455 EP1sToLA
1417 383 1827 460 xcvm.
2042 389 2137 490 ες

209 565 432 640 quam
473 565 760 617 necesse
807 555 954 634 esf,
1003 547 1132 640 qui
1173 566 1338 620 ante
1375 549 1573 622 dolet
1601 577 1823 646 quam
1864 577 2141 628 necesse

207 649 326 726 sit.
363 655 634 728 Eadem
683 655 1332 736 eniminfirmitate
1380 659 1707 730 dolorem
1742 686 1893 732 non
1940 665 2146 735 aesti·
2202 727 2209 734 .

205 782 400 850 mat,
449 791 596 862 qua
650 791 801 838 non
850 785 1224 862 exspectat.
1283 769 1552 842 Eadem
1596 771 2141 868 intemperantia

206 875 421 972 fingit
450 877 584 948 sibi
612 895 1034 972 perpetuam
1059 877 1473 952 felicitatem
1501 906 1698 951 suam
1718 933 1739 968 ,
1774 883 1975 982 fingit
2005 883 2141 955 sibi

209 1009 518 1057 crescere
565 987 833 1058 debere
881 1011 1390 1082 quaecumque
1446 989 1934 1086 contigerunt,
1988 1015 2140 1063 non

209 1114 499 1168 tantum
557 1093 846 1184 du'rare3
893 1115 995 1185 et,
1055 1099 1321 1170 oblitus
1367 1101 1577 1170 huius
1622 1100 1935 1193 petauri,
1986 1125 2143 1194 quo

195 1207 529 1290 ⁸humana
564 1207 952 1293 iactantur,
993 1207 1125 1277 sibi
1155 1205 1281 1278 uni
1316 1206 1781 1278 fortuitorum
1810 1224 2145 1278 constan-

208 1317 388 1386 tiam
425 1319 756 1412 spondet.
803 1319 1089 1416 Egregie
1129 1318 1385 1412 itaque
1421 1317 1702 1390 videtur
1746 1317 1927 1389 mihi
1957 1313 2147 1388 ME·-

219 1445 274 1498 Τ
299 1447 350 1496 R
369 1447 418 1496 o
439 1447 490 1497 n
508 1447 560 1498 o
587 1449 637 1500 R
658 1447 709 1498 U
731 1445 766 1498 s
794 1423 1042 1499 dixisse
1068 1429 1141 1499 in
1165 1453 1241 1500 ea
1263 1429 1591 1527 Epistola.
1622 1451 1765 1521 qua
1788 1451 2139 1515 sororem,

213 1537 470 1608 amisso
501 1540 820 1632 optimae
845 1538 1105 1609 indolis
1135 1539 1284 1612 filio
1303 1590 1326 1625 ,
1355 1539 1815 1632 adloquitur:
1860 1539 2141 1611 Mortale

212 1663 315 1716 est
337 1670 522 1718 omne
544 1649 916 1718 mortalium
941 1648 1215 1718 bonum!
1255 1645 1368 1718 De
1395 1647 1498 1718 his
1522 1647 1849 1740 loquitur
1882 1648 2096 1718 bonis
2116 1697 2144 1736 ,

212 1751 308 1821 ad
357 1777 547 1846 quae
589 1753 1065 1825 concurritur:
1112 1777 1280 1824 nam
1325 1751 1510 1823 illud
1552 1777 1805 1824 verum
1860 1753 2143 1824 bonum

211 1887 374 1938 non
391 1867 728 1955 moritur,
748 1884 1025 1938 certum
1047 1883 1146 1936 est
1170 1866 1863 1958 sempiternumque,
1885 1866 2149 1958 sapien·

213 1974 315 2044 tia
343 1993 418 2046 et
443 1977 706 2048 virtus:
743 1977 882 2046 hoc
913 1998 1145 2046 unum
1174 1973 1523 2070 contingit
1549 1973 1927 2044 inmortale
1950 1988 2149 2044 mor-

213 2083 502 2151 talibus.
561 2080 893 2154 Ceterum
920 2082 1062 2152 tarn
1100 2080 1391 2175 inprobi
1421 2099 1589 2150 sunt
1611 2132 1635 2168 ‚
1685 2096 1981 2174 tamque
2008 2082 2146 2154 ob-

213 2192 325 2262 liti
371 2214 530 2285 quo
575 2210 738 2263 eant
761 2244 784 2281 ,
818 2217 967 2285 quo
1015 2192 1172 2262 illos
1203 2193 1459 2290 singuli
1492 2191 1637 2262 dies
1672 2193 2011 2280 turbent,
2060 2205 2147 2262 ut

216 2300 577 2371 mirentur
601 2301 872 2394 aliquid
901 2301 1086 2395 ipsos
1111 2301 1435 2371 amittere
1454 2351 1475 2386 ,
1506 2299 1817 2372 amissuri
1850 2302 1999 2386 ufio
2032 2299 2149 2370 die

223 2410 495 2480 omnia.
555 2410 942 2515 Quidquid
993 2426 1134 2498 est,
1180 2411 1296 2482 cui
1332 2411 1671 2483 dominus
1719 2409 2147 2497 inscribet-ir,

217 2520 426 2611 apud
471 2538 546 2591 te
583 2538 723 2605 est,
757 2538 968 2593 tuum
1011 2543 1164 2589 non
1213 2537 1352 2604 θεῖς
1393 2520 1575 2589 nihil
1622 2521 1909 2589 firmum
1948 2518 2148 2587 infir·-

217 2654 348 2699 mo
371 2680 395 2715 ,
433 2631 619 2701 nihil
657 2629 874 2727 fragili
902 2647 1269 2702 aeternum
1299 2649 1372 2699 et
1414 2620 1769 2700 invictum
1804 2648 1927 2698 ert.
1960 2627 2148 2699 Tam

217 2760 509 2809 necesse
551 2758 652 2810 est
689 2739 912 2831 perire
937 2764 1170 2833 squam
1211 2740 1549 2832 perdere3
1594 2756 1666 2808 et
1703 2738 1840 2809 hoc
1870 2738 2150 2829 ipsum,

217 2846 279 2913 si
321 2845 833 2942 intelligimus,
883 2850 1214 2919 solatium
1251 2866 1399 2935 est,
1442 2870 1681 2939 aequo
1720 2844 1963 2915 animo
1988 2866 2153 2937 per-

221 2954 406 3026 dere
431 3009 452 3041 ,
483 2958 680 3049 quod
707 2959 1102 3051 periturum
1139 2974 1260 3029 est.

323 3068 538 3173 Quid
562 3094 724 3167 ergo
749 3069 1070 3141 adversus
1097 3072 1215 3140 has
1245 3068 1647 3139 amissiones
1674 3065 1919 3137 auxilii
1948 3065 2153 3137 inve*-
2263 3075 2277 3099 ‘

119 3228 128 3237 ·
223 3178 534 3249 nimus?
572 3216 641 3237 ...
698 3180 893 3267 Hoc,
945 3200 1024 3251 ut
1071 3176 1415 3251 memorii
1463 3197 1827 3248 teneamus
1865 3178 2151 3262 amissa,

221 3310 374 3356 nec
412 3310 576 3357 cum
603 3290 762 3383 ipsis
796 3288 1110 3363 fructum
1138 3288 1465 3381 excidere
1488 3288 1883 3381 patiamur,
1926 3309 2152 3379 quem

217 3416 318 3463 ex
375 3393 510 3464 illis
555 3399 1024 3491 percepimus.
1108 3398 1392 3468 Habere
1436 3394 1772 3488 eripitur3
1834 3392 2158 3461 habuisse

215 3526 667 3597 numquam.
714 3506 1147 3601 Peringratus
1189 3523 1330 3591 est,
1380 3506 1553 3595 qui,
1596 3524 1828 3593 quum
1878 3497 2153 3585 amisit,

220 3638 364 3706 pro
415 3632 722 3710 accepto
775 3606 956 3686 nihil
1009 3617 1245 3689 debet.
1295 3616 1475 3686 Rem
1528 3612 1735 3683 nobis
1778 3608 1989 3701 eripit
2045 3630 2163 3677 ca-

216 3748 380 3808 sus;
421 3752 638 3797 usum
671 3724 1132 3818 fructumque
1159 3726 1354 3819 apud
1397 3747 1525 3793 nos
1563 3720 1897 3811 reliquit,
1936 3740 2161 3811 quem

209 3862 356 3910 nos
377 3837 772 3935 iniquitate
793 3836 1116 3911 desiderii
1141 3834 1605 3931 perdidimus.
1638 3831 1774 3903 Dic
1794 3827 1927 3929 tibi
1948 3855 1965 3901 ς
1990 3826 2165 3919 „Ex
