2759 4825
632 380 751 447 ²9²
1062 356 1436 425 NOTAE
1489 358 1598 423 IN
1652 356 2142 425 SENECAE

628 532 783 595 quae
809 512 907 574 lin.
949 534 1053 593 seq.
1086 510 1278 591 vulgo
1312 509 1538 572 inserta
1567 526 1718 585 erat.
1799 510 1842 571 1.
1881 531 1980 590 23.
2005 508 2282 570 subiectus.
2309 505 2408 571 Sic
2435 525 2576 575 mss.

628 613 841 691 omqes
884 610 947 655 et
974 592 1107 658 edd.
1138 608 1275 655 aute
1299 588 1616 668 Erasmum
1633 636 1654 668 ,
1693 591 1798 673 qui
1837 592 2064 673 primus
2099 592 2390 653 subiectum
2435 591 2578 653 vul-

626 692 819 761 gavit.

708 760 881 820 Pac.
917 755 1071 819 26.1.
1103 774 1157 836 3.
1178 773 1231 817 et
1248 776 1307 833 4.
1338 754 1563 819 Utrobi
1607 774 1686 817 ue
1707 754 1900 837 vulgo
1923 770 2064 838 post
2084 775 2140 815 se
2171 771 2450 815 contentus
2470 774 2574 817 re-

627 840 852 923 petitur
878 840 1131 902 verbum
1160 854 1280 910 est,
1316 838 1479 919 quod
1507 838 1580 899 de
1601 838 1704 899 evi
1743 856 1883 899 eum
1911 856 2020 899 ms.
2053 840 2188 917 Arg.
2217 838 2267 897 b.
2357 838 2402 896 l.
2433 856 2474 914 7
2509 855 2572 898 et

626 920 1454 1067 ffissff'xssssfi‘ffl'ss
1480 920 2434 1080 3322'z‚“‘2s:.z³':‘5³3⁰52⁶1{‘521
2453 936 2568 1060 {¹52

736 1086 821 1147 ite
845 1085 1289 1167 interpolatum.
1328 1082 1428 1145 Ad
1465 1084 1683 1145 vocab.
1701 1046 1916 1143 ’natu'ra
1941 1020 1990 1144 9.
2029 1104 2088 1165 9.
2127 1096 2363 1163 spectat
2387 1082 2570 1143 scho-

650 1169 751 1229 ion
781 1169 843 1229 in
882 1184 989 1228 ως.
1032 1186 1082 1228 c.
1119 1164 1432 1227 naturaliter
1440 1186 1467 1240 ,-
1508 1184 1634 1245 quo
1680 1164 2074 1238 indicabatur,
2119 1164 2180 1223 in
2209 1161 2390 1224 ablat.
2423 1182 2570 1225 casu

627 1248 1031 1328 accipiendam
1068 1264 1199 1309 esse
1233 1264 1471 1309 vocem.
1553 1247 1598 1307 l.
1625 1266 1718 1321 24.
1748 1248 2048 1327 prudentia.
2090 1243 2338 1306 Vocab.
2376 1264 2568 1326 tempe-

625 1332 836 1425 τυπεὶς,
876 1330 1043 1410 quod
1078 1344 1219 1389 ante
1259 1326 1414 1389 istud
1439 1326 1634 1411 vulgo
1673 1328 2009 1409 legebatur,
2057 1326 2342 1409 ignorant
2385 1326 2570 1391 nostti

624 1409 1291 1571 ωοῗὲἑῗὲ.ἳριςῗιξὲςι
1312 1508 1420 1553 ms.
1449 1494 1499 1553 b.
1533 1508 1656 1552 non
1679 1492 1817 1572 ipso.
1903 1490 1948 1553 Ι.
1978 1510 2034 1550 2.
2063 1512 2126 1550 ne
2147 1488 2306 1550 exiet.
2343 1510 2440 1548 mc
2459 1489 2569 1549 exi·

622 1574 799 1636 stimes
820 1592 977 1636 unus
1010 1591 1116 1635 ms.
1144 1594 1191 1633 c.
1276 1573 1317 1637 l.
1349 1593 1371 1634 ι
1387 1594 1444 1635 2.
1466 1576 1615 1657 apud
1640 1572 1926 1635 comicum.
1957 1570 2166 1653 Vulgo
2189 1572 2568 1653 apudpve'tam

623 1659 892 1719 comicum.
924 1654 1185 1717 Mediam
1208 1672 1426 1719 vocem
1457 1654 1697 1738 ignorat
1719 1669 1924 1717 noster
1941 1654 1996 1717 b.

1312 1825 1870 1913 nusi-‚x

651 2019 669 2032 .
706 1968 881 2031 PAG.
913 1966 1009 2029 28.
1042 1967 1085 2030 l.
1113 1988 1169 2049 3.
1194 1970 1337 2046 quod
1362 1966 1620 2030 iudicium
1653 1988 1816 2029 meum
1851 1968 2144 2029 habeas.
2167 1964 2228 2027 id
2251 1981 2386 2043 est,
2420 1966 2571 2050 quid

622 2046 697 2112 de
730 2069 789 2114 te
826 2069 947 2132 ego
980 2049 1265 2124 iudicem,
1318 2047 1419 2110 vel
1458 2050 1590 2130 quid
1618 2050 1681 2109 de
1712 2065 1759 2110 te
1788 2071 2016 2133 sperem,
2056 2067 2126 2111 ut
2167 2050 2322 2131 haud
2369 2050 2566 2111 multo

622 2148 763 2213 post
798 2132 895 2193 ait.
920 2131 1129 2211 Vulgo
1151 2152 1361 2212 quo-ft
1378 2132 1574 2203 abeat,
1602 2148 1680 2191 ex
1705 2132 1794 2193 ed.
1829 2131 1982 2193 Ven.
2015 2126 2277 2192 Restitui
2309 2132 2560 2214 scriptu·

622 2231 751 2275 ram
774 2214 870 2275 ed.
891 2212 1069 2275 Rom.
1097 2212 1195 2275 cui
1234 2210 1556 2275 adsentitur
1595 2212 1686 2273 ed.
1717 2218 1799 2275 A.
1819 2231 1878 2273 et
1909 2232 2016 2274 ms.
2039 2235 2088 2273 c.
2118 2228 2177 2275 et
2200 2213 2336 2274 Par.
2367 2218 2422 2275 d.
2454 2214 2560 2274 Et-

621 2293 863 2377 iamque
902 2311 1107 2357 nostet
1127 2296 1177 2357 b.
1210 2310 1273 2355 et
1300 2294 1432 2357 Par.
1459 2294 1512 2355 b.
1545 2310 1746 2357 tenent
1782 2297 1959 2374 quod,
2003 2294 2106 2355 sed
2137 2293 2362 2357 vitiose
2399 2298 2563 2356 haheo

622 2377 930 2451 scribunt,
970 2376 1135 2458 quod
1180 2374 1365 2460 paulo
1415 2390 1560 2438 ante
1609 2394 1768 2439 recte
1813 2394 1928 2438 suo
1965 2376 2104 2438 loco
2143 2376 2376 2452 stabat,
2413 2378 2564 2457 (non

620 2461 785 2520 haheo
809 2481 925 2522 cum
949 2479 1053 2541 quo
1088 2478 1140 2520 te
1166 2476 1277 2520 etc.
1310 2455 1410 2518 Cf.
1444 2458 1488 2518 l.
1517 2458 1656 2539 22.)
1685 2459 1790 2522 sed
1824 2458 1908 2520 ibi
1929 2456 1988 2518 in
2017 2473 2231 2522 nostro
2251 2460 2300 2519 b.
2333 2477 2564 2540 perpe-

620 2559 749 2602 ram
782 2540 845 2603 in
880 2541 1042 2600 hahes·
1070 2555 1363 2601 mutatum
1407 2556 1530 2613 est,
1576 2559 1766 2620 quum
1810 2541 1866 2603 h.
1900 2539 1944 2602 l.
1985 2541 2204 2602 mutari
2240 2540 2558 2602 debuisset.

620 2620 817 2702 Quod
850 2639 987 2706 post
1014 2622 1127 2686 ista
1156 2620 1520 2684 Gronovius
1550 2619 1610 2680 in
1639 2641 1753 2685 suo
1786 2622 1920 2684 cod.
1959 2622 2178 2687 inserta
2213 2623 2341 2684 duo
2369 2623 2558 2684 verba

617 2703 839 2784 reperit
856 2749 880 2779 ‚
906 2705 1043 2771 mim·
1068 2705 1281 2766 haereas
1294 2749 1319 2782 ,
1340 2701 1500 2785 quae
1517 2701 1614 2763 ille
1645 2721 1722 2764 ex
1740 2705 1844 2766 tibi
1869 2705 2084 2764 haereas
2099 2721 2388 2786 corrupta
2407 2722 2562 2764 cen-

616 2801 813 2848 suerat
833 2804 853 2862 3
876 2787 1147 2868 suspicor
1166 2783 1426 2848 scribere
1451 2781 1718 2848 voluisse
1738 2785 2035 2847 librarium
2059 2786 2218 2846 mu‘lti
2248 2785 2397 2868 (scil.
2423 2787 2563 2846 mul-

616 2870 667 2927 ti
690 2868 889 2928 codices
922 2865 1303 2948 praeferunt)
1338 2867 1555 2927 habea
1572 2887 1600 2924 s
1612 2911 1636 2938 ,
1671 2865 1837 2948 quod
1875 2883 2002 2928 erat
2037 2866 2318 2929 scholion
2351 2867 2426 2928 ad
2457 2868 2563 2927 vi-

616 2948 846 3020 tiosam,
859 2950 1213 3031 scripturam
1254 2951 1408 3008 habet
1438 2964 1738 3028 spectans„
1781 2968 1958 3029 quam
1993 2947 2146 3010 idem
2183 2949 2380 3010 codex
2413 2949 2476 3008 h.
2521 2949 2561 3010 1.

614 3029 1006 3111 praeferebat.
1053 3027 1377 3092 Caeterum
1397 3047 1460 3090 et
1483 3029 1624 3090 alibi
1645 3030 1703 3090 in
1729 3032 1894 3098 mstis
1924 3027 2217 3093 confundi
2251 3031 2428 3094 verba
2451 3033 2560 3090 ha-

614 3111 726 3174 bere
756 3127 819 3174 et
848 3112 1051 3170 haerere
1085 3112 1434 3173 notavimus
1472 3111 1542 3172 ad
1580 3110 1688 3191 Ep.
1723 3128 1885 3174 vm.
1907 3133 1966 3194 p.
2004 3131 2113 3191 19,
2143 3132 2236 3190 25.
2299 3115 2338 3174 l.
2359 3133 2418 3194 9.
2439 3115 2558 3172 ad·-

613 3195 793 3266 κῆδε,
830 3209 895 3252 tte
934 3189 1111 3273 (sic)
1150 3192 1329 3254 scribi
1374 3192 1868 3268 debuerat3'non
1905 3195 2162 3254 adtende:
2191 3217 2272 3257 ne.
2366 3195 2405 3254 l.
2453 3213 2555 3255 11.

611 3273 1041 3354 imprudentibus.
1074 3275 1283 3356 inprud.
1319 3274 1612 3356 scriptum
1647 3274 1842 3342 malim
1869 3291 2008 3338 cum
2042 3275 2182 3337 cod.
2207 3277 2258 3340 b.
2283 3276 2370 3337 At
2391 3275 2556 3336 idem

610 3370 819 3418 tamen
846 3374 991 3418 mox
1022 3357 1285 3438 improbas
1315 3373 1418 3437 per
1441 3380 1492 3416 m
1521 3372 1705 3420 tenet.
1789 3358 1832 3419 l.
1869 3357 1958 3420 16.
1987 3359 2204 3438 exponit
2233 3357 2450 3419 merito
2473 3375 2554 3419 ex

612 3439 805 3502 msstis
837 3439 1103 3501 restituit
1136 3436 1341 3499 Ruhk.
1378 3455 1493 3518 pro
1513 3437 1805 3518 expromit,
1847 3439 2010 3519 quod
2037 3439 2274 3520 quidem
2299 3458 2427 3501 non·
2447 3437 2554 3518 (ut

608 3519 691 3580 ait
728 3519 873 3600 ine)
921 3517 1199 3581 Erasmus
1224 3538 1297 3581 ex
1333 3520 1682 3582 coniectura
1729 3535 2050 3600 posuerat,
2087 3522 2189 3582 sed
2218 3537 2294 3582 ex
2321 3520 2558 3582 Erasini

608 3601 951 3676 coniectura
986 3618 1209 3664 temere
1239 3601 1299 3662 in
1334 3616 1622 3662 contextu
1658 3619 1940 3681 posuerat
1969 3601 2268 3664 Muretus.
2317 3601 2554 3664 Eodem

606 3697 763 3742 vero
794 3681 855 3744 h.
883 3682 924 3744 l.
952 3681 1107 3744 idem
1138 3681 1345 3744 Ruhk.
1386 3699 1510 3742 non
1539 3683 1740 3743 minus
1761 3697 1978 3744 temere
2016 3682 2194 3744 aliam
2231 3683 2554 3756 coniectu·

602 3775 727 3822 m
748 3759 1053 3847 Gropovii
1078 3765 1335 3846 recepit,
1362 3763 1632 3844 proxime
1660 3764 2068 3844 praecedentia
2091 3766 2290 3827 verba
2309 3765 2396 3828 sic
2415 3767 2556 3828 scri·

603 3839 787 3922 bens,
814 3845 993 3906 malus
1022 3847 1231 3908 celabat
1248 3848 1480 3908 animus.
1528 3845 1766 3917 Vocem
1787 3846 1962 3910 istam
1983 3865 2220 3921 manus,
2251 3863 2438 3931 quam
2471 3868 2552 3912 ex
