2759 4825
511 370 1686 501 'EPISTOLAXCVZ
1982 430 2068 526 63

143 608 365 678 quam
399 585 627 681 longe
659 598 1148 677 processerunt
1193 586 1375 655 mala
1417 584 1883 686 valitudinis?
1932 586 2075 659 Has

143 720 380 787 usuras
409 696 880 786 voluptatum
924 692 1310 785 pendimus
1330 748 1351 782 ,
1402 698 1584 767 ultra
1611 696 1921 767 modum
1944 696 2076 771 fas·-

143 826 290 895 que
329 803 911 893 concupitarum.
982 801 1554 887 Innumerabiles=
1592 829 1735 877 esse
1784 806 2079 879 morbos

142 933 298 984 non
323 910 732 996 miraberis3
761 934 1034 1003 coquos
1061 933 1385 983 numera.
1428 912 1659 986 Cessat
1688 938 1909 986 omne
1934 934 2079 989 stu·

145 1023 390 1119 djum3
433 1039 512 1093 et
555 1020 864 1092 liberalia
890 1020 1225 1114 professi,
1261 1022 1415 1093 sine
1451 1024 1595 1093 ulla
1622 1022 2075 1118 frequentia,

152 1134 438 1205 desertis
473 1134 752 1231 angulis
786 1131 1206 1225 praesident.
1256 1132 1343 1205 Iu
1378 1132 1780 1206 Rhetorum
1805 1160 1885 1209 ac
1912 1138 2079 1209 Phi-

149 1246 628 1338 losophorum
651 1243 903 1314 scholis
923 1239 1238 1314 solitudo
1265 1259 1403 1331 est3
1428 1260 1501 1316 at
1520 1268 1740 1337 quam
1768 1246 2079 1319 celebres

151 1355 428 1425 culinae
461 1370 666 1439 sunt,
699 1348 966 1446 quanta
999 1352 1177 1423 circa
1206 1370 1562 1445 nepotum
1592 1354 1789 1427 focos
1823 1356 2079 1429 iuven-

155 1480 274 1535 tus
289 1464 585 1558 premit!
621 1462 938 1532 Transeo
961 1484 1358 1554 puerorum
1384 1460 1776 1535 infelicium
1802 1488 2071 1564 gregeS,

161 1598 368 1665 quos,
393 1590 562 1667 post
586 1585 928 1643 transacta
953 1572 1281 1644 convivia
1298 1623 1322 1660 ‚
1356 1561 1529 1644 alia'e
1552 1574 1869 1647 cubiculi
1895 1600 2075 1646 con-
2194 1610 2201 1619 ·

158 1681 507 1753 tumeliae-
537 1696 972 1772 exspectant.
1042 1680 1359 1761 Transeo
1398 1680 1679 1777 agmina
1720 1680 2076 1755 exsoleto-

158 1814 311 1862 rum
332 1842 356 1880 ‚
398 1814 532 1884 per
563 1782 897 1861 ‘nationes
939 1791 1356 1882 coloresque
1399 1788 1744 1883 descripta
1767 1842 1791 1879 ‚
1824 1808 1920 1862 ut
1962 1817 2077 1863 ea·

158 1901 327 1971 >dem
355 1900 694 1973 omnibus
732 1902 1012 1972 laevitas
1038 1902 1127 1973 sit
1146 1952 1170 1991 ‚
1207 1901 1457 1973 eadem
1486 1901 1754 1993 primae
1782 1926 2073 1974 mensu·

161 2034 232 2080 ra
261 2010 608 2107 lanuff‘nis
626 1998 668 2096 ,'
685 2009 934 2087 eadem
963 1999 1234 2103 =species
1261 2008 1727 2103 capillorum3
1760 2030 1855 2081 ne
1880 2011 2075 2103 quis,
2142 2024 2149 2037 “

164 2119 272 2192 cui
293 2120 556 2225 rectipr
577 2136 682 2190 est
705 2141 912 2189 coma
933 2169 955 2207 ,
991 2117 1306 2213 crispulis
1335 2117 1734 2189 misceatur.
1758 2118 2075 2191 Transeo

162 2230 506 2323 pistorum
556 2228 846 2299 turbam
871 2278 894 2315 ,
957 2246 1236 2299 transeo
1287 2226 1846 2298 ministratorum
1870 2278 1894 2315 ,
1940 2251 2073 2321 per

167 2362 336 2432 quos
369 2340 576 2438 signo
603 2338 776 2409 dato
810 2336 902 2408 ad
925 2336 1372 2426 inferendam
1411 2359 1712 2432 coenam
1752 2337 2077 2411 discurri-

165 2468 297 2523 tur.
343 2451 470 2522 Dii
505 2451 732 2534 boni,
773 2466 1132 2543 quantum
1177 2447 1562 2520 hominum
1595 2471 1780 2519 unus
1826 2465 2076 2523 venter

169 2561 478 2632 exercet!
507 2558 764 2666 Quid?
795 2577 880 2629 tu
898 2560 1052 2629 illos
1085 2557 1364 2629 boletos
1385 2611 1405 2647 ,
1440 2557 1931 2652 voluptatium
1958 2582 2078 2630 ve·
2118 2615 2125 2626 .

169 2693 469 2760 nenum,
497 2670 682 2740 nihil
709 2668 972 2740 occulti
1003 2669 1236 2762 operis
1265 2668 1526 2739 indicas
1563 2666 1821 2756 facere,
1856 2667 2075 2739 etiam

167 2782 214 2850 si
245 2781 728 2874 praesentanei
770 2803 924 2868 non
962 2777 1304 2852 fuerunt?
1336 2779 1584 2886 Quid?
1617 2798 1699 2849 tu
1732 2777 1929 2848 illam
1960 2803 2079 2848 ae·

167 2889 406 2959 stivam
441 2889 689 2960 nivem
727 2911 882 2959 non
928 2907 1136 2982 putas
1167 2890 1428 2960 callum
1470 2886 1897 2958 iecinoribus
1942 2885 2079 2956 ob·-

171 2998 477 3069 ducere?
521 2997 780 3104 Quid?
828 2998 944 3068 illa
972 3016 1193 3069 ostrea
1214 3051 1234 3086 ‚
1264 2997 1752 3091 inertissimam
1794 3020 2079 3070 carnem

169 3131 384 3180 coeno
402 3110 784 3208 saginatam
807 3159 831 3196 ,
865 3109 1048 3178 nihil
1081 3108 1433 3178 existimas
1459 3107 1747 3180 limosae
1782 3106 2078 3205 gravita-

171 3217 256 3286 tis
275 3217 577 3290 inferre?
601 3218 804 3324 Quid
823 3219 857 3288 ἱ)
888 3217 1071 3288 illud
1105 3217 1480 3289 Sociorum
1508 3241 1752 3318 garum
1767 3269 1789 3304 ‚
1812 3217 2081 3312 pretio-

167 3350 312 3398 sam
351 3331 698 3400 malorum
741 3329 1044 3422 piscium
1081 3329 1345 3398 saniem
1365 3379 1386 3414 ‚
1423 3351 1575 3404 non
1622 3329 1845 3400 credis
1877 3349 2083 3398 urere

165 3439 322 3508 salsa
373 3437 542 3510 tabe
585 3438 1042 3534 praecordia?
1083 3437 1336 3542 Quid?
1383 3438 1501 3509 illa
1545 3438 1923 3530 purulenta
1945 3485 1969 3521 ,
2004 3450 2077 3504 et

168 3571 336 3640 quae
361 3566 653 3621 tantum
677 3571 829 3620 non
851 3573 945 3620 ex
969 3549 1122 3642 ipso
1143 3550 1308 3646 igne
1327 3548 1401 3617 in
1425 3572 1503 3616 os
1530 3545 2073 3646 transferuntur,¹
2150 3637 2155 3643 ἢ

166 3658 414 3730 iudicas
463 3660 625 3731 sine
673 3683 866 3735 noxa
907 3660 986 3731 in
1037 3659 1196 3753 ipsis
1248 3658 1629 3730 visceribus
1671 3651 2075 3747 exstingui?

171 3766 400 3871 Quam
431 3768 658 3841 foedi
703 3769 950 3860 itaque
991 3767 1547 3862 pestilentesque
1586 3776 1829 3832 ructus
1866 3763 2073 3831 sunt!

169 3897 514 3969 quantum
559 3877 932 3953 fastidium
976 3877 1132 3970 sui,
1176 3870 1668 3949 exhalantibus
1710 3870 2075 3966 crapulam
