2759 4825
649 380 746 456 26
1013 376 1098 453 L.
1145 340 1613 451 ANNAEI
1656 370 2185 449 SENECAE

622 546 977 634 oportet,
1028 560 1265 632 quum
1318 562 1549 611 coeno
1594 536 2219 631 quemadmodum
2272 534 2579 637 debe03

645 672 798 720 non
827 674 1050 721 coena
1067 701 1090 738 ,
1128 664 1252 721 aut
1275 648 1671 720 ambulatio
1688 697 1713 735 ,
1752 664 1879 721 aut
1902 648 2105 721 vestis
2132 646 2323 717 bona
2342 660 2525 717 sunt
2546 694 2579 735 ,

645 754 784 827 sed'
813 780 1062 827 meum
1107 756 1182 827 in
1222 756 1326 827 his
1359 757 1811 850 propositum
1830 806 1853 842 ,
1898 756 2230 829 servantis
2268 755 2345 825 in
2380 779 2581 847 qua-

648 888 796 957 que
815 888 894 934 re
906 864 1170 935 rationi
1187 864 1737 947 convenientem
1756 863 2086 935 modum.
2110 862 2337 935 Etiam
2358 880 2581 933 nunc

645 972 1004 1045 adiiciam:
1029 973 1346 1045 mundae
1371 972 1577 1045 vestis
1592 972 1847 1043 electio
1874 968 2283 1064 adpetenda
2306 969 2579 1041 estho-

644 1084 826 1155 mini
853 1108 874 1169 ;
933 1096 1186 1152 natura
1231 1082 1430 1153 enirn
1472 1082 1699 1151 homo
1751 1078 2115 1151 mundum
2165 1096 2243 1149 et
2278 1078 2577 1174 elegans

645 1194 911 1265 animal
935 1207 1058 1263 est.
1093 1190 1345 1283 Itaque
1382 1215 1534 1261 non
1564 1203 1667 1261 est
1706 1186 1991 1261 borium
2026 1211 2153 1281 per
2176 1186 2579 1259 se‘munda

645 1300 851 1371 vestis
874 1351 896 1387 ,
929 1299 1052 1371 sed
1095 1299 1413 1370 mundae
1439 1298 1645 1369 vestis
1682 1298 1964 1383 electi03
2004 1296 2172 1389 quia
2196 1298 2455 1367 nonin
2490 1320 2577 1366 re

645 1411 934 1483 bonum
966 1426 1112 1497 est,
1149 1410 1273 1481 sed
1311 1412 1389 1479 in
1428 1410 1779 1481 electione
1799 1460 1823 1494 ,
1866 1410 2061 1502 quali
2086 1408 2397 1479 actiones
2425 1429 2581 1476 no·

645 1535 828 1589 strae
845 1519 1180 1589 honestae
1197 1535 1387 1604 sunt,
1420 1540 1571 1589 non
1598 1516 1743 1611 ipsa
1772 1541 1960 1609 quae
1974 1532 2300 1613 aguntur.
2326 1513 2575 1619 Quod

649 1626 744 1697 de
763 1642 954 1697 veste
993 1626 1180 1715 dixi,
1220 1627 1415 1697 idem
1442 1650 1557 1697 me
1596 1625 1825 1696 dicere
1862 1625 1957 1697 de
1985 1648 2281 1717 corpore
2320 1622 2585 1693 existi-

645 1758 786 1805 ma.
813 1734 1004 1805 Nam
1047 1734 1188 1806 hoc
1221 1758 1525 1827 quoque
1558 1753 1806 1805 natura
1826 1784 1849 1820 ,
1899 1750 1985 1805 ut
2008 1732 2400 1825 quamdam
2440 1756 2583 1802 ve·-

643 1856 823 1913 stem
847 1895 868 1930 ,
908 1842 1152 1913 animo
1185 1842 1689 1942 circumdedit3
1745 1844 2236 1915 velamentum
2262 1841 2411 1911 eius
2439 1859 2579 1913 est.

646 1951 834 2055 Quis
861 1967 1100 2023 autem
1133 1976 1483 2044 umquam
1505 1952 1921 2023 vestimenta
1954 1950 2344 2023 aestimavit
2366 1976 2581 2023 atcu-

647 2062 764 2131 la?
794 2060 946 2133 Nec
969 2062 1248 2133 bonum
1267 2114 1288 2149 ‚
1311 2087 1446 2133 nec
1470 2064 1741 2133 malum
1766 2062 2013 2158 vagina
2035 2061 2353 2157 gladium
2376 2060 2585 2133 fecit.

651 2169 837 2266 Ergo
877 2168 970 2239 de
1013 2194 1309 2262 corpore
1349 2192 1652 2261 quoque
1692 2168 1891 2239 idem
1937 2170 2073 2239 tibi
2120 2168 2529 2262 respondeo
2554 2196 2587 2257 ς

647 2292 1062 2353 sumturum
1085 2279 1389 2371 quidem
1415 2302 1534 2349 me
1552 2328 1577 2366 ,
1606 2278 1665 2347 si
1692 2276 1906 2349 detur
1942 2279 2237 2365 electi0,
2284 2296 2357 2351 et
2382 2280 2583 2351 sani-‘-

649 2404 874 2460 tatem
909 2403 980 2461 et
1013 2389 1224 2478 vires;
1260 2390 1541 2462 bonum
1571 2404 1816 2462 autem
1848 2387 2177 2462 fututum
2204 2387 2581 2464 iudicium

651 2498 748 2566 de
769 2497 904 2568 illis
927 2523 1174 2570 meum
1193 2548 1215 2584 ,
1241 2521 1393 2570 non
1420 2497 1593 2591 ipsa.

746 2609 867 2678 Est
889 2608 1190 2700 quidem
1215 2660 1238 2697 ,
1269 2610 1541 2702 inquit,
1566 2607 1855 2702 Sapiens
1882 2609 2167 2697 beatus;
2194 2637 2581 2686 summum

619 2721 892 2788 'tamen
919 2717 1101 2788 illud
1137 2719 1424 2789 bonum
1462 2741 1615 2790 non
1640 2724 2145 2813 consequitur,
2192 2723 2324 2794 nisi
2348 2724 2453 2794 illi
2494 2741 2583 2798 et

649 2826 994 2899 naturalia
1017 2826 1486 2901 instrumenta
1512 2827 2013 2922 respondeant.
2039 2829 2141 2900 Ita
2167 2831 2375 2902 miset
2400 2832 2583 2924 qui-

651 2933 820 3004 dem
841 2957 1016 3021 esse,
1039 2936 1172 3026 qui
1183 2935 1549 3008 Virtutem
1572 2937 1817 3023 habet,
1844 2959 1997 3008 nou
2021 2954 2257 3030 potest
2272 2966 2294 3010 ι
2321 2938 2584 3010 beatis-

649 3043 863 3110 simus
889 3055 1129 3112 autem
1159 3063 1311 3113 non
1337 3058 1441 3113 est
1461 3091 1485 3131 ,
1514 3043 1641 3134 qui
1672 3043 2107 3115 naturalibus
2133 3045 2342 3116 bonis
2360 3045 2582 3119 desti-

651 3150 908 3235 tuitur,
940 3165 1024 3222 ut
1047 3151 1477 3238 valitudine,
1508 3166 1595 3222 ut
1620 3150 2115 3226 membrorum
2144 3153 2571 3251 integritate.

650 3304 733 3318 ...
758 3256 985 3359 Quod
1033 3256 1521 3329 incredibilius
1551 3255 1875 3344 videtur,
1916 3257 1993 3326 id
2026 3261 2399 3348 concedis,
2437 3263 2579 3334 ali-

651 3387 876 3455 quem
903 3364 980 3436 in
1005 3365 1330 3436 maximis
1357 3382 1432 3437 et
1459 3365 1815 3436 continuis
1844 3365 2214 3440 doloribus
2243 3395 2396 3442 non
2420 3394 2576 3445 esse

654 3472 1033 3560 miserum,
1079 3495 1220 3544 esse
1255 3472 1467 3546 etiam
1520 3472 1869 3560 beatum-3
1911 3474 2117 3568 quod
2156 3477 2377 3550 levius
2416 3497 2573 3569 est,

653 3603 899 3676 negas,
938 3580 1419 3652 beatissimum
1460 3605 1624 3652 esse.
1666 3581 1927 3674 Atqui,
1966 3584 2021 3654 si
2048 3601 2284 3678 potest
2320 3587 2579 3660 Vsttus

657 3687 965 3774 efficere,
1007 3713 1102 3760 ne
1143 3690 1353 3760 miser
1377 3689 1631 3783 aliquis
1657 3690 1777 3780 sit,
1832 3691 2101 3778 facilius
2144 3695 2444 3783 efficiet,
2478 3713 2572 3769 ut

657 3793 1095 3878 beatissimus
1128 3798 1248 3870 sit:
1293 3797 1535 3872 minus
1564 3801 1758 3874 enim
1782 3801 2131 3876 intetvalli
2158 3826 2199 3874 a
2222 3803 2433 3876 beato
2470 3803 2571 3877 ad
