2759 4825
679 363 853 442 ΕῬ
899 369 936 442 I
981 369 1035 444 S
1082 370 1156 444 T
1205 371 1278 447 O
1323 373 1388 446 L
1436 373 1501 446 'A
1589 375 1766 450 CII.
2046 405 2189 482 107

233 533 500 604 bonos
517 533 764 605 bonus
787 524 1075 607 iudicat.
1105 575 1178 594 ··-
1217 538 1421 642 Quid
1452 539 1669 635 ergo?
1693 539 1967 633 inquit,
1990 529 2189 616 etfa-

185 663 372 738 ..ma
419 662 560 720 eru:
619 646 836 717 unius
887 647 1206 721 hominis
1249 649 1726 738 existimatio,
1778 667 1851 721 et
1894 651 2189 726 infamia
2291 677 2311 694 ·

240 753 472 824 nnius
495 755 850 851 malignus
873 757 1156 828 sermo?
1193 757 1513 828 Gloriam
1536 784 1873 884 quoque,
1900 764 2139 854 inquit
2158 813 2186 850 ‚

231 864 464 934 latius
509 863 743 936 fusam
785 866 1148 962 intellig03
1197 889 1619 938 consensum
1665 870 1859 939 enim
1913 873 2187 941 multo·-

235 997 412 1044 rum
449 975 798 1072 exigita-
845 975 1130 1045 Diversa
1160 978 1421 1047 horum
1450 976 1771 1049 conditio
1812 1000 1955 1067 est,
1994 998 2065 1050 et
2097 982 2185 1050 il-

239 1084 406 1156 lius.
443 1088 693 1192 Quare
710 1086 743 1154 ?
772 1085 976 1178 quia,
1005 1087 1058 1154 si
1085 1086 1176 1156 de
1203 1110 1322 1157 me
1346 1087 1535 1158 bene
1556 1089 1663 1161 vir
1680 1088 1917 1158 bonus
1940 1091 2182 1176 sentit,

248 1197 521 1298 eodem
547 1201 714 1268 loco
741 1221 934 1282 sum,
975 1221 1163 1289 quo,
1196 1199 1250 1266 si
1291 1223 1541 1269 omnes
1586 1199 1764 1269 boni
1796 1199 1990 1269 idem
2021 1223 2183 1270 sen-

245 1305 516 1391 tirent3
564 1331 816 1376 omnes
853 1305 1042 1376 enim
1071 1357 1110 1392 ,.
1143 1307 1197 1375 si
1249 1333 1368 1384 me
1418 1310 1928 1404 cognoverint,
1980 1309 2180 1381 idem

255 1417 586 1495 sentient.
630 1418 764 1488 Par
799 1416 930 1486 illis
975 1415 1317 1508 idemque
1362 1418 1714 1490 iudicium
1758 1437 1899 1504 est3
1948 1437 2177 1512 aeque

257 1546 432 1594 vero
476 1524 812 1594 insistitur
839 1524 928 1593 ab
958 1524 1094 1611 his,
1139 1526 1266 1619 qui
1296 1525 1624 1597 dissidere
1663 1551 1813 1599 non
1857 1543 2175 1621 possunt.

253 1633 359 1704 Ita
392 1660 529 1727 pro
575 1640 662 1704 eo
701 1651 840 1721 est,
884 1658 963 1704 ac
1001 1635 1054 1702 si
1095 1657 1344 1704 omnes
1385 1635 1580 1704 idem
1618 1635 1965 1722 sentiant,
2008 1637 2181 1728 quia

255 1743 452 1814 aliud
483 1745 742 1814 sentire
769 1767 922 1814 non
949 1760 1266 1836 possunt.
1298 1741 1415 1813 Ad
1440 1743 1732 1840 gloriam
1762 1762 1885 1813 aut
1910 1744 2172 1812 famam

257 1875 408 1924 non
435 1872 540 1924 est
563 1845 718 1925 sati‘s
740 1854 952 1926 unius
995 1852 1266 1976 opinio.
1307 1851 1459 1924 Illic
1498 1851 1691 1924 idem
1716 1869 1952 1944 potest
1970 1853 2178 1921 unius

253 1964 642 2050 sententia,
677 1961 884 2054 quo'd
909 1961 1284 2034 omnium·
1265 2011 1284 2046 ,
1322 1961 1490 2054 quia
1520 1962 1897 2048 omnium,
1940 1961 1995 2030 si
2018 1985 2179 2052 pet.-

253 2087 593 2169 rogetur,
623 2095 766 2142 una
796 2071 957 2141 erit.
1003 2069 1116 2140 hic
1141 2069 1410 2142 diversa
1436 2070 1879 2142 dissimilium
1908 2069 2177 2141 iudicia

249 2195 457 2266 sunt,
499 2179 866 2249 dissimiles
891 2165 1244 2264 adfectu33
1293 2176 1515 2247 dubia
1544 2180 1782 2247 omnia
1816 2177 2127 2247 invenias
2151 2228 2174 2263 ,

255 2293 428 2362 levia
448 2341 468 2378 ,
497 2303 837 2384 suspecta.
877 2291 1084 2360 Putas
1107 2305 1188 2358 tu
1213 2311 1416 2381 posse
1443 2309 1662 2356 unam
1708 2286 2040 2357 omnium
2069 2309 2176 2354 es·-

259 2422 326 2473 se
361 2401 846 2482 senten-tiam?
875 2424 1025 2479 non
1069 2416 1171 2471 est
1207 2399 1607 2471 unius‘una
1644 2397 2014 2467 sententia.
2061 2396 2173 2465 Illi

255 2514 480 2603 placet
530 2533 828 2597 verum3
877 2509 1182 2579 veritatis
1225 2531 1369 2577 una
1412 2507 1554 2593 vis,
1602 2528 1744 2575 una
1786 2502 1995 2575 facies
2032 2519 2169 2575 est:

247 2619 446 2711 apud
471 2620 602 2689 hos
647 2616 810 2688 falsa
838 2632 1050 2703 sunt,
1093 2615 1356 2707 quibus
1384 2611 1897 2689 adsentiuntur.
1945 2611 2179 2681 Num-

250 2751 470 2819 quam
503 2739 750 2801 autem
779 2727 954 2797 falsis
983 2726 1374 2799 constantia
1398 2740 1532 2807 est3
1559 2722 1915 2792 variantur
1938 2737 2011 2791 et
2037 2720 2177 2789 dis-

249 2837 506 2908 uident.
546 2876 620 2891 -—
657 2834 798 2907 Sed
822 2838 968 2906 laus
989 2886 1012 2921 ,
1051 2834 1290 2925 inquit
1307 2884 1330 2919 ,
1357 2832 1535 2901 nihil
1562 2830 1759 2901 aliud
1782 2854 2001 2921 quam
2028 2852 2175 2899 vox

256 2964 356 3015 est
382 2976 400 3015 e
432 2971 574 3017 vox
595 2963 836 3019 autern
863 2948 1145 3017 bonurn
1177 2959 1467 3013 nonest.
1502 2982 1573 2995 --
1624 2939 1879 3046 Quum
1911 2940 2173 3027 dicant,

247 3054 620 3123 claritatem
667 3078 806 3123 esse
849 3054 1098 3123 laudem
1141 3054 1478 3125 bonorum,
1526 3077 1567 3119 a
1598 3050 1773 3119 bonis
1800 3048 2119 3119 redditam
2142 3072 2171 3121 3

249 3159 392 3230 iam
431 3184 590 3232 -non
623 3163 714 3233 ad
751 3186 1004 3235 vocem
1041 3161 1398 3247 referunt,
1440 3158 1567 3229 sed
1610 3158 1701 3229 ad
1728 3158 2175 3229 sententiam.

243 3266 453 3341 Licet
479 3272 672 3343 enim
699 3270 809 3342 vir
847 3274 1083 3343 bonus
1105 3290 1368 3359 taceat,
1408 3271 1534 3341 sed
1566 3272 1879 3362 aliquem
1907 3266 2175 3336 iudicet

245 3380 551 3477 dignum
577 3385 796 3455 laude
825 3408 1004 3469 esse,
1035 3379 1358 3453 laudatus
1386 3398 1509 3451 est·
1540 3378 1945 3484 Praeterea,
1974 3374 2172 3443 aliud

245 3504 346 3559 est
370 3491 577 3565 laus
603 3491 804 3561 aliud
830 3492 1158 3561 laudatio.-
1187 3492 1354 3561 haec
1386 3509 1457 3561 et
1481 3474 1732 3559 vocem
1762 3486 2011 3581 exigit:
2040 3482 2169 3551 ita-

250 3595 390 3691 'que
410 3626 638 3673 nemo
658 3603 834 3673 dicit
861 3605 1110 3673 laudem
1124 3603 1515 3700 funebrem,
1544 3600 1668 3670 sed
1700 3596 2164 3671 laudationem,

247 3713 444 3781 cuius
487 3712 811 3785 officium
865 3712 1184 3783 oratione
1224 3728 1516 3781 constat.
1570 3708 1821 3811 Quum
1870 3705 2169 3776 dicimus

235 3818 562 3911 aliquem
591 3822 788 3893 laude
811 3821 1077 3915 dignum
1097 3870 1121 3895 ,
1166 3842 1328 3891 non·
1347 3819 1564 3891 verba
1587 3818 1688 3885 illi
1707 3814 2027 3915 benigna·
2040 3816 2172 3885 ho-
