2759 4825
704 349 826 438 318
1048 382 1063 395 ·
1145 312 1518 413 ’ΝοτΑε
1567 343 1674 409 m
1721 338 2177 411 SENECAE

1306 516 1708 587 Evtsr.
1772 468 2040 583 xttt.

790 644 955 707 Pac.
998 659 1129 723 ης.
1158 638 1199 703 l.
1232 662 1293 715 4.
1323 640 1544 703 huius
1587 638 1836 701 secundae
1873 656 2050 701 notae.
2089 636 2273 701 hunc
2316 632 2636 717 malebam,

838 744 981 869 253:
1012 721 1676 867 ἅ...
1709 716 2201 863 “dumam
2217 718 2454 863 fitia„
2483 723 2634 865 ξεῖ·

704 830 761 873 ιιι
821 832 868 871 ει
1075 824 1241 868 erum
1280 823 1315 867 e
1523 825 1596 864 ece
1689 846 1713 873 ,
2250 848 2264 863 .
2463 846 2481 864 .
2573 824 2634 865 n·

704 890 865 953 bitur
898 891 961 951 in
1006 906 1112 951 ms.
1136 890 1186 950 h.
1233 902 1292 949 et
1332 886 1394 948 in
1440 882 1740 945 nonnullis
1760 822 1939 964 t{apud
1979 822 2369 947 GrunpNam
2407 898 2474 946 et
2511 884 2632 947 aliis

702 986 1046 1035 mnstanter
1078 965 1384 1033 vocabulo
1409 966 1526 1029 isto
1552 967 1612 1025 in
1632 964 1886 1027 secunda
1914 964 2312 1027 declinatione
2336 966 2532 1027 utitur
2547 966 2632 1029 Se-

706 1072 870 1116 neca.
954 1052 996 1113 1.
1031 1068 1129 1114 ιι.
1154 1056 1275 1112 dum
1308 1032 1437 1131 rige'r
1461 1046 1597 1111 edd.
1619 1046 1692 1109 R.
1717 1047 1795 1107 A.
1827 1064 1962 1107 mss.
1988 1048 2039 1110 b.
2062 1071 2107 1109 e.
2149 1043 2364 1125 Vulgo
2400 1069 2524 1109 cum
2552 1048 2632 1130 rig.

703 1134 743 1195 Ι.
770 1154 864 1210 ²4·
904 1134 1139 1214 deficitur
1180 1132 1332 1193 bene
1364 1130 1497 1193 edd.
1535 1128 1794 1212 decipitur
1824 1146 1929 1191 ms.
1949 1130 1998 1189 h.
2040 1130 2229 1190 desunt
2262 1126 2358 1191 ed.
2380 1128 2466 1189 A.
2511 1146 2630 1190 cum

704 1234 883 1278 ms.c.
964 1216 1005 1276 l.
1041 1233 1136 1297 ας.
1166 1214 1300 1275 velle
1321 1234 1428 1275 eos.
1463 1209 1702 1275 Poterat
1729 1208 1934 1273 abesse
1973 1231 2100 1284 eos,
2138 1227 2199 1273 et
2230 1212 2406 1273 abest
2445 1211 2542 1272 ed.
2571 1212 2631 1273 R.

702 1314 761 1362 et
797 1315 903 1359 ms.
930 1298 981 1359 b.

788 1378 956 1440 ΡΑο.
1001 1375 1132 1439 126.
1163 1376 1203 1439 Ι.
1242 1392 1334 1437 12.
1368 1376 1495 1435 haec
1536 1396 1643 1436 non
1677 1372 2033 1457 providemus.
2070 1371 2261 1453 Quod
2289 1372 2398 1435 hic
2437 1368 2629 1437 Ruhk.

701 1459 812 1525 ait:
852 1476 1082 1521 „antea
1106 1457 1484 1537 praevidemus.
1507 1481 1544 1515 u
1569 1458 1627 1518 id
1655 1474 1778 1517 non
1810 1456 1919 1518 nisi
1950 1456 2022 1517 ad
2060 1456 2286 1518 Mureti
2318 1456 2628 1520 editionem

681 1540 977 1605 ecfertur.
997 1539 1335 1623 providemus
1354 1538 1639 1601 edebatur
1659 1540 1777 1600 iam
1810 1537 1948 1600 inde
1969 1556 2006 1599 a
2031 1537 2240 1617 Lipsio
2259 1584 2279 1612 ,
2309 1544 2374 1599 et
2411 1538 2501 1602 sic
2532 1540 2628 1600 iam

702 1623 847 1685 olim
888 1622 979 1685 ed.
999 1625 1074 1684 R.
1101 1636 1163 1683 et
1182 1620 1257 1683 A.
1292 1640 1426 1683 cum
1459 1640 1565 1683 ms.
1595 1640 1646 1683 c.
1683 1619 1792 1682 Sed
1811 1666 1831 1695 ‚
1877 1619 2004 1679 haec
2036 1640 2142 1679 non
2215 1623 2516 1683 ervidemus
2553 1621 2652 1705 ed..

703 1704 928 1768 Erasm.
961 1704 1081 1767 hoc
1123 1727 1227 1766 non
1250 1702 1691 1788 pervidemus
1732 1720 1842 1764 ms.
1868 1702 1919 1762 h.
1954 1700 2115 1781 quod
2179 1718 2418 1763 ortasse
2459 1702 2627 1763 veris-
2689 1718 2691 1723 ·

702 1786 937 1849 simum.
1022 1786 1064 1849 l.
1110 1806 1203 1865 ¹9·
1235 1785 1585 1864 paratissimi.
1627 1782 1816 1865 Quod
1843 1781 1996 1843 idem
2029 1781 2232 1844 Ruhk.
2259 1785 2383 1845 ait:
2423 1802 2628 1845 »antea

696 1868 898 1951 parati.
918 1893 956 1926 u
1000 1866 1061 1930 id
1087 1884 1290 1929 rursus
1322 1864 1699 1929 referendum
1734 1863 1807 1926 ad
1839 1862 2125 1925 editiones
2144 1910 2163 1937 ‚
2207 1880 2373 1945 quae
2407 1865 2628 1945 Lipsia-

702 1968 841 2012 nam
868 1964 1340 2093 praeeicesdserunt,
1370 1965 1504 2009 nem
1549 1946 1680 2091 edad
1706 1946 1792 2008 ed.
1817 1943 1912 2041 βτ.
1938 1964 1996 2043 ‘³2¹
2009 1944 2435 2091 ἕῶιτὲᾳὲιὶξὲιῑς
2459 1947 2630 2095 ρὲεῖίἱ

701 2046 918 2105 verant
1023 2073 1041 2092 .
1119 2076 1135 2092 .
1163 2046 1227 2094 et
1266 2048 1375 2092 ms.
1407 2053 1455 2093 c.
1541 2048 1574 2091 e
1652 2046 1984 2111 paratissime
2203 2046 2240 2091 e
2277 2048 2312 2091 e
2452 2046 2488 2091 e
2527 2070 2544 2092 .
2693 2074 2695 2101 2

702 2131 845 2179 cum
874 2131 989 2177 ms.
1010 2114 1065 2176 b.

1284 2235 1335 2301 E
1376 2234 1422 2299 Ρ
1463 2234 1492 2298 1
1532 2232 1574 2299 S
1611 2234 1690 2299 T.
1756 2232 2058 2298 XLIII.

786 2370 956 2434 Pac.
986 2388 1007 2431 ι
1020 2386 1116 2448 ²7·
1132 2370 1173 2432 l.
1196 2366 1233 2432 8
1256 2386 1345 2451 sq.
1378 2369 1688 2452 magnitudo
1709 2366 1866 2440 habet
1879 2374 2087 2434 modum
2105 2382 2318 2433 certum.
2360 2366 2464 2434 Sic
2487 2385 2627 2433 recte
2698 2435 2699 2442 χ

700 2453 797 2518 ed.
816 2456 893 2516 A.
925 2469 987 2514 et
1009 2455 1083 2516 R.
1108 2469 1248 2516 cum
1290 2469 1432 2514 mss.
1455 2453 1510 2514 b.
1531 2474 1584 2514 c.
1614 2450 1770 2534 Ops.
1797 2471 1859 2516 et
1891 2451 2075 2516 Grut.
2124 2452 2232 2513 nisi
2271 2454 2627 2534 quodnon·
2695 2473 2700 2494 ⁴

698 2532 847 2597 nulli
876 2552 1067 2598 cerrum
1088 2535 1297 2596 modum
1325 2532 1464 2594 dant
1483 2578 1504 2608 ,
1531 2550 1861 2613 permutata
1884 2534 2140 2596 duorum
2177 2535 2514 2598 verborum
2543 2553 2628 2596 se-

699 2615 792 2678 de.
828 2612 1148 2696 Perspicua
1166 2616 1488 2696 sententia:
1523 2615 1814 2696 quidquid
1847 2637 2090 2698 magnum
2113 2611 2373 2681 dicimus
2395 2663 2420 2690 ‚
2447 2613 2505 2678 id
2509 2635 2632 2706 ρετ-

703 2712 772 2759 to
808 2697 1075 2780 quodam
1110 2695 1318 2770 modo,
1365 2712 1526 2757 certa
1563 2699 1814 2778 quadam
1854 2698 2182 2772 relatione,
2218 2699 2305 2760 ita
2341 2697 2620 2760 dicimus:

698 2797 827 2844 uno
855 2779 1051 2840 verbo
1072 2821 1091 2852 ,
1122 2777 1319 2842 omnis
1348 2775 1651 2859 magnitudo
1673 2777 1922 2842 relativa
1951 2796 2076 2860 est,
2101 2795 2168 2840 ut
2191 2780 2252 2840 in
2279 2777 2512 2842 scholis
2543 2777 2628 2838 lo-

700 2877 988 2942 quuntur.
1029 2853 1154 2922 Iatn
1192 2858 1386 2954 pergit
1429 2875 1678 2922 auctor:
1728 2879 1790 2920 co
1875 2861 2051 2922 aratio
2098 2857 2311 2922 illam
2367 2879 2473 2922 aur
2501 2859 2630 2922 sollu

626 3009 635 3016 ,
699 2958 818 3005 etc.
843 2942 931 3004 Ex
964 2960 1090 3004 uno
1125 2939 1379 3024 (nesclo
1405 2940 1574 3022 quo)
1611 2941 1823 3003 codice
1866 2941 2106 3006 nudavit
2137 2941 2424 3006 Erasmus
2446 2941 2509 3006 in
2525 2943 2629 3022 Ap·

742 3023 878 3084 end.
908 3045 1086 3106 magn.
1112 3044 1217 3084 uon
1250 3024 1402 3083 haber
1436 3039 1550 3084 etc.
1612 3022 1778 3105 quod
1816 3039 2054 3106 praeter
2093 3020 2387 3088 rationem
2426 3019 2628 3102 recepit

778 3120 1005 3177 arctus,
1040 3121 1101 3165 et
1131 3120 1374 3166 tenuere
1397 3103 1608 3184 reliqui
1641 3105 1920 3168 editores.
1957 3103 2029 3168 Id
2065 3124 2387 3186 postquam
2415 3103 2628 3168 factum

696 3200 822 3246 erat
840 3229 862 3258 ,
895 3184 1151 3265 denique
1171 3179 1568 3260 Gronovius,
1616 3205 1742 3268 quo
1767 3188 1974 3250 saltem
2014 3187 2130 3250 sibi
2159 3205 2472 3252 constaret
2501 3205 2631 3249 ora·

658 3298 662 3304 ·
699 3265 811 3342 tio,
836 3284 1169 3349 pronomen
1192 3266 1343 3326 illam
1360 3265 1564 3348 (quod
1583 3310 1602 3340 ‚
1627 3269 1702 3328 ad
1736 3265 2136 3352 magnitudinem
2160 3266 2458 3344 relatum,
2482 3286 2629 3333 recte

604 3393 614 3422 .
701 3364 1013 3411 tenuerant
1050 3348 1177 3411 edd.
1205 3361 1265 3408 et
1290 3347 1502 3430 mssti)
1539 3349 1602 3410 in
1641 3347 1792 3410 illum
1827 3350 2007 3432 (scil.
2043 3349 2294 3432 modum)
2338 3351 2626 3414 mutavit:

696 3447 757 3492 et
786 3431 867 3492 sic
896 3447 1143 3511 prorsus
1172 3447 1472 3492 evanuere
1497 3431 1714 3507 veteris
1749 3435 2080 3512 scripturae
2108 3433 2378 3512 vestigia.

782 3512 948 3575 EAG.
981 3510 1177 3572 128.1.
1198 3531 1259 3588 7.
1286 3533 1357 3572 ex
1385 3533 1494 3594 qua
1526 3535 1690 3574 mores
1728 3511 1969 3575 existi
1987 3535 2118 3574 mes
2159 3533 2397 3577 nostros.
2429 3513 2528 3576 Sic
2548 3510 2630 3575 ed.

698 3595 782 3656 A.
812 3610 872 3654 et
897 3596 965 3654 R.
988 3609 1050 3654 et
1084 3611 1215 3654 ωδε.
1242 3595 1293 3657 b.
1316 3617 1363 3656 c.
1411 3594 1744 3656 aestimes
1772 3595 1956 3678 vulgo
1974 3641 1995 3670 ,
2029 3595 2103 3677 ab
2127 3591 2409 3664 Erasnm.
2455 3595 2652 3676 Saepe-

699 3673 934 3755 quidem
976 3692 1013 3734 a
1045 3671 1293 3736 librariis
1330 3690 1662 3756 permutata
1705 3675 1815 3738 ista
1859 3679 2044 3738 verba
2088 3677 2392 3739 vidimus:
2443 3678 2546 3740 sed
2577 3691 2630 3736 et

697 3757 1029 3834 promiscue
1052 3755 1173 3818 fere
1197 3773 1521 3838 utrumque
1545 3775 1856 3838 usurpasse
1881 3757 2098 3821 Seneca
2130 3756 2393 3821 videtur.
2479 3755 2528 3821 l.
2553 3776 2636 3821 ιι.

702 3835 859 3916 Quid
874 3855 1051 3900 aurem
1076 3840 1307 3922 prodest.
1348 3833 1450 3910 Sic
1474 3855 1631 3906 recte
1651 3837 1785 3905 edd.
1807 3856 1869 3906 et
1897 3858 2032 3906 mss.
2075 3836 2338 3906 Temere
2352 3857 2517 3906 vero
2532 3861 2634 3924 po-
