2759 4825
638 396 736 488 4⁶
1037 384 1113 459 L.
1165 356 1607 460 ANNAEr
1656 374 2163 459 SENECAE

635 546 1063 647 argumentis
1097 548 1505 615 conlectum
1534 544 1621 613 sit
1642 590 1667 631 ‚
1708 567 1895 635 quae
1924 543 2115 615 bona
2134 597 2156 630 ,
2194 568 2381 637 quae
2404 564 2561 617 ma·

635 664 712 732 la*
723 662 893 745 siut3
923 658 1389 729 nihilominus
1416 642 1685 725 habent
1710 672 2081 747 praecepta
2108 673 2335 749 partes
2356 680 2511 725 suas
2531 682 2555 726 t

638 787 712 842 et
731 766 1120 861 prudentia
1143 814 1167 852 ,
1215 780 1288 833 et
1318 762 1580 834 iustitia
1624 764 1868 833 officiis
1916 778 2277 848 constant3
2320 765 2557 835 officia

634 875 1022 974 praeceptis
1047 873 1546 965 disponuntur.
1580 873 1935 943 Praeterea
1964 873 2199 963 ipsum
2222 873 2319 943 de
2342 874 2559 943 bonis

635 988 982 1075 malisque
1021 980 1366 1066 iudicium
1405 980 1864 1051 confirmatur
1910 982 2301 1054 officiorum
2354 999 2561 1055 exse-

635 1095 926 1167 cutione
945 1144 966 1180 ,
991 1092 1084 1161 ad
1107 1115 1326 1184 quam
1358 1106 1735 1184 praecepta
1762 1091 2191 1185 perducunt.
2228 1090 2555 1183 Utraque

638 1203 832 1276 enim
866 1203 1050 1273 inter
1075 1224 1146 1270 se
1171 1198 1661 1271 consentiunt:
1714 1221 1849 1269 nec
1888 1199 2005 1268 illa
2026 1216 2323 1290 possunt
2344 1224 2559 1293 prae-

637 1312 888 1385 cedere
907 1362 928 1397 ,
959 1325 1039 1381 ut
1068 1332 1218 1379 non
1256 1309 1427 1379 haec
1453 1325 1881 1401 sequantur3
1917 1326 1987 1378 et
2014 1308 2189 1379 haec
2218 1309 2563 1381 ordinem

637 1430 1037 1514 sequuntur
1065 1434 1307 1491 suum}
1344 1418 1539 1488 unde
1562 1416 1847 1511 adparet
1871 1417 1986 1487 illa
2008 1420 2567 1510 praecedere..--···.

638 1532 956 1626 Infinita,
989 1526 1266 1619 inquit,
1296 1545 1643 1625 praecepta
1670 1544 1842 1597 sunt.
1877 1526 2157 1615 Falsum
2174 1531 2318 1601 est!
2358 1528 2559 1601 Nam

641 1638 738 1708 de
767 1635 1092 1709 maximis
1113 1636 1601 1709 acnecessariis
1621 1636 1833 1709 rebus
1866 1660 2017 1709 non
2040 1658 2207 1712 sunt
2236 1640 2559 1726 infinie„

636 1762 890 1818 tenues
923 1762 1169 1817 autem
1209 1744 1637 1817 differentias
1684 1745 1993 1834 habent,
2038 1772 2214 1841 quas
2256 1748 2562 1845 exigunt

637 1880 998 1952 tempora,
1033 1859 1188 1929 loca
1209 1909 1230 1945 ,
1265 1882 1623 1951 personae.
1662 1855 1811 1929 Sed
1834 1858 1939 1928 his
1964 1882 2265 1953 quoque
2288 1858 2563 1931 dantur

636 1984 1010 2063 praecepta
1049 1969 1413 2065 generalia.
1456 2006 1527 2019 --
1578 1967 1820 2041 Nemo,
1868 1966 2111 2059 inquit
2131 2018 2155 2055 ,
2195 1972 2563 2066 praeceptis

637 2094 833 2147 curat
857 2079 1220 2148 insaniam:
1248 2099 1398 2167 ergo
1435 2100 1513 2145 ne
1548 2075 1867 2145 malitiam
1892 2075 2160 2170 quidem.
2194 2074 2558 2149 Dissimile

639 2188 776 2260 est!
831 2188 1014 2256 Nam
1058 2186 1114 2257 si
1161 2184 1501 2257 insaniam
1544 2184 1930 2270 sustuleris,
1976 2185 2228 2259 sanitas
2264 2186 2563 2257 ‘reddita

641 2314 790 2371 est=
833 2297 888 2369 si
935 2296 1128 2367 falsas
1177 2293 1552 2389 opiniones
1596 2294 2021 2367 exclusimus
2039 2346 2061 2382 ,
2110 2319 2266 2367 non
2312 2296 2569 2368 statim·

635 2408 962 2502 sequitur
988 2403 1339 2500 dispectus
1377 2429 1621 2478 rerum
1656 2404 2129 2503 agendarum:
2178 2423 2264 2479 ut
2300 2431 2563 2501 sequa·-

639 2533 806 2603 tur,
857 2532 1100 2588 tamen
1153 2515 1553 2586 admonitio
1598 2515 2099 2588 conroborabit
2148 2533 2413 2590 rectam
2458 2517 2561 2587 de

639 2627 852 2698 bonis
891 2626 1231 2716 malisque
1257 2623 1701 2694 sententiam.
1742 2623 1932 2694 Illud
1967 2650 2266 2720 quoque
2294 2626 2557 2700 falsum

643 2753 789 2823 est,
820 2735 999 2804 nihil
1033 2733 1230 2827 apud
1257 2733 1533 2803 insanos
1560 2731 1901 2826 proficere
1924 2754 2337 2828 praecepta:
2380 2759 2557 2832 narn

643 2842 1260 2940 quemadmodum
1289 2846 1435 2913 sola
1458 2867 1609 2912 non
1636 2864 1961 2936 prosunt,
1990 2846 2084 2916 sic
2108 2847 2553 2919 curationem
2576 2927 2581 2930 ,

639 2952 1022 3037 adiuvant3
1069 2969 1144 3022 et
1199 2953 1693 3040 denuntiatio,
1748 2971 1823 3026 et
1872 2958 2225 3052 castigatio
2272 2959 2557 3028 insanos

643 3061 973 3132 coercuit.
995 3059 1110 3130 De
1126 3057 1258 3128 illis
1280 3083 1473 3132 nunc
1485 3059 1739 3132 insanis
1757 3063 2047 3154 loquor,
2070 3063 2332 3156 quibus
2348 3087 2561 3136 mens

642 3192 842 3246 mota
865 3189 1004 3260 est,
1036 3195 1187 3242 non
1213 3190 1467 3266 erepta.

739 3283 982 3375 Leges,
1019 3282 1299 3373 inquit,
1335 3302 1413 3353 ut
1416 3283 1757 3380 faciamus
1780 3285 1944 3380 quod
1970 3304 2251 3384 oportet,
2290 3312 2415 3360 non
2456 3288 2561 3386 ef-

626 3399 877 3494 ficiunt
899 3424 920 3459 .-
960 3409 1023 3464 et
1071 3395 1223 3490 quid
1257 3395 1443 3464 aliu‘d
1462 3411 1660 3468 sunt,
1698 3419 1885 3490 quam
1912 3399 2103 3468 minis
2129 3401 2341 3470 mixta
2357 3425 2559 3498 prae-

643 3509 884 3602 cepta?
923 3539 996 3556 --
1056 3497 1378 3572 Primum
1426 3502 1798 3591 omnium,
1850 3504 1951 3574 ob
1996 3507 2161 3578 hoc·
2189 3508 2347 3578 illae
2394 3531 2553 3580 non

642 3609 1107 3705 persuadent,
1135 3610 1298 3703 quia
1332 3610 1729 3696 mina-mun
1770 3627 1841 3682 at
1873 3611 2044 3685 haec
2069 3637 2221 3685 non
2244 3631 2556 3714 cogunt,

643 3721 772 3790 sed
815 3741 1125 3792 exorant.
1188 3719 1475 3791 Deinde
1520 3721 1713 3818 leges·
1751 3746 1791 3792 a
1838 3724 2099 3794 scelere
2142 3723 2552 3812 deterrent3

644 3843 1016 3923 praecepta
1063 3829 1140 3900 in
1181 3830 1514 3904 officium
1550 3828 2041 3906 adhortantur.
2094 3831 2224 3908 Hi:
2274 3834 2503 3908 adiice
2526 3881 2557 3926 ,
