2759 4825
649 336 1303 455 EiPISTOLAM
1365 388 1508 453 111.
1919 410 2030 473 ²7¹

52 606 60 611 ,
100 554 271 600 rum.
354 538 398 600 l.
428 555 519 599 ια.
539 534 673 616 ficit
696 556 913 597 arcana.
944 535 1139 614 facit
1174 554 1280 597 ms.
1306 551 1509 597 noster
1531 560 1586 596 a.
1618 550 1680 597 ct
1704 538 1888 618 Ampl.
1911 552 2040 601 tum

102 622 351 681 archana
404 636 541 679 mss.
574 642 629 679 a.
662 619 713 678 b.
752 640 793 678 c.
838 618 1025 699 Ampl.
1071 633 1132 679 et
1173 618 1261 679 ed.
1312 616 1492 679 Rom.
1534 615 1723 680 Tarv.
1769 635 1826 679 et
1885 620 2042 683 Ven.

105 703 153 762 l.
188 719 285 779 13.
322 698 547 759 Fedelom
577 699 643 760 εἰ.
666 698 730 757 Si
742 698 943 774 fidelem
979 716 1085 759 ωε.
1110 700 1223 763 Am
1259 701 1299 761 l.
1383 698 1424 759 l.
1462 720 1554 774 14.
1577 699 1753 779 facies
1781 716 1940 762 recte
1960 716 2044 762 te-

107 799 263 843 nent
291 780 393 841 alii
418 796 645 841 omnes.
660 780 845 859 facias
871 798 980 841 ms.
1000 803 1048 841 c.
1078 795 1137 842 et
1164 720 1259 841 ecs
1282 780 1358 841 A.
1441 781 1581 842 Ibid.
1621 780 1902 861 quidam
1920 780 2051 861 fiala

111 864 213 923 lem
244 865 549 923 docuerunt.
586 856 683 921 Sic
712 860 1063 933 commode,
1098 876 1159 923 et
1186 878 1263 922 ex
1294 878 1466 924 more
1494 858 1748 925 Senecae
1765 907 1786 936 ‚
1815 863 1950 923 editi
1981 862 2048 923 li·

108 943 207 1006 bri
226 962 365 1006 ante
384 942 691 1003 Erasmum
714 960 953 1017 omnes,
980 960 1115 1005 cum
1140 942 1357 1004 nostris
1376 941 1567 1005 msstis
1591 966 1646 1004 a.
1665 944 1718 1005 h.
1745 963 1796 1005 c.
1832 958 1894 1005 et
1908 944 2046 1008 Par.

111 1029 171 1087 d.
200 1025 448 1085 vitiose
470 1024 672 1103 quidem
707 1024 839 1083 Par.
868 1047 923 1084 a.
958 1039 1017 1085 et
1047 1025 1099 1085 h.
1141 1022 1288 1085 Inde
1320 1024 1396 1085 ab
1429 1022 1654 1087 Erasini
1677 1040 1900 1101 aetate,
1925 1044 2050 1107 pro·

114 1104 375 1189 quidam,
392 1104 759 1186 vulgabatur
786 1104 969 1175 multi,
1007 1105 1208 1168 nescio
1240 1123 1361 1186 qua
1395 1107 1774 1170 auctoritate.
2045 1138 2052 1145 ·

199 1189 243 1248 l.
278 1205 303 1245 1
319 1206 373 1266 ς.
404 1204 458 1246 et
484 1208 521 1245 a
539 1185 629 1245 lii
645 1208 675 1245 s
700 1186 785 1247 ius
808 1184 1062 1266 peccandi
1084 1186 1405 1268 suspicando
1422 1184 1679 1263 fecerunt.
1701 1186 2044 1267 Habet-uti·

116 1286 240 1349 que
279 1285 412 1347 quo
435 1266 770 1329 blandiatur
807 1284 933 1327 vox
970 1268 1100 1327 aliis
1122 1291 1141 1329 .-
1168 1268 1303 1341 sed‚
1341 1265 1680 1347 diligentius
1713 1266 1918 1329 denuo
1951 1268 2046 1328 in·

120 1365 335 1429 specta
364 1364 636 1409 veterum
671 1346 943 1410 codicum
967 1348 1261 1428 scriptura
1280 1392 1301 1421 ,
1333 1365 1548 1413 vereor
1569 1366 1648 1411 ne
1669 1347 1872 1409 invitis
1905 1367 2048 1411 om-

120 1430 302 1491 nibus
342 1428 503 1492 libris
534 1428 764 1491 invecta
796 1429 911 1491 huc
950 1428 1045 1489 iila
1082 1446 1209 1489 vox
1238 1430 1315 1490 sit
1350 1448 1384 1489 a
1424 1428 1684 1491 Mureto.
1722 1428 1854 1491 Nec
1887 1430 2045 1491 enim

120 1510 261 1571 aliis
280 1556 305 1583 ,
342 1509 446 1571 sed
481 1508 634 1581 illi,
670 1508 842 1590 (scii.
874 1508 1080 1589 amico)
1112 1509 1419 1572 communi
1444 1528 1740 1573 consensu
1771 1527 1910 1571 cum
1935 1512 2048 1573 im·
2082 1572 2088 1575 ,

124 1592 351 1673 pressis
383 1606 523 1654 ante
566 1588 877 1651 Muretum
918 1591 1198 1653 exhibent
1246 1591 1412 1652 mssti
1449 1593 1588 1671 Arg.
1616 1614 1671 1655 a.
1693 1593 1744 1651 b.
1778 1611 1826 1651 c.
1857 1595 1968 1661 Am
2005 1594 2046 1655 l.

121 1670 261 1733 Por.
292 1674 349 1733 h.
370 1687 431 1734 et
450 1687 712 1752 quatuor
743 1670 987 1733 Gruteri
1012 1672 1193 1734 codd.
1235 1671 1430 1751 Quod
1453 1687 1652 1733 autem
1679 1686 1887 1735 contra
1987 1686 2056 1733 u-·

122 1752 243 1820 reti
280 1754 628 1833 scripturam
667 1752 805 1813 nihil
848 1753 1082 1815 monuit
1114 1751 1515 1833 Opsopoeus‚
1559 1771 1685 1814 non
1715 1752 1848 1815 inde
1883 1753 2050 1815 colli-

166 1853 275 1895 ere
296 1833 438 1896 licet
465 1835 826 1895 consensisse
846 1834 1031 1914 ipsius
1052 1834 1288 1895 codices
1310 1834 1365 1893 in
1385 1834 1648 1895 eamdem
1677 1832 2046 1911 scripturam.

123 1852 195 1975 fn
226 1915 443 1996 quinto
473 1932 550 1975 ex
583 1914 957 1977 Gruterianis
985 1914 1158 1977 codd.
1195 1915 1418 1976 vitiose
1445 1914 1722 1997 scriptum
1769 1930 1894 1975 erat
1922 1914 2052 1995 fid·-

128 1996 171 2056 zi
206 1996 297 2057 illi
329 1996 415 2055 ius
446 2016 591 2074 pecc.
626 2011 742 2058 etc.
788 1997 845 2057 A
880 1994 1117 2077 reliquis
1146 1995 1693 2058 omnibussdiscedit
1730 1996 1860 2056 Par.
1887 1998 1943 2058 d.
1971 1997 2053 2057 ita

126 2078 393 2140 scribens
408 2122 430 2151 ,
466 2077 693 2138 et‘illius
714 2078 917 2156 peccati
948 2078 1267 2139 occasionem
1304 2077 1624 2159 suspicando
1637 2076 1912 2156 feceruut?
1948 2078 2054 2141 ubi

131 2159 377 2240 quidem
413 2158 551 2219 satis
593 2158 861 2238 adparet,
892 2174 1203 2239 postquam
1236 2158 1361 2220 duo
1391 2159 1574 2221 verba
1606 2157 1692 2219 illi
1725 2158 1809 2217 ius
1837 2176 2056 2240 perpe-

130 2260 260 2301 ram
296 2241 361 2301 in
401 2257 585 2301 unum
628 2239 773 2298 illius
806 2255 997 2319 essent
1030 2254 1372 2313 contracta,
1399 2238 1624 2321 reliqua
1655 2238 1862 2300 deinde
1905 2258 2057 2303 con·

134 2320 297 2382 sulto
335 2319 419 2381 ita
463 2319 817 2385 concinnata
849 2338 1013 2390 esse,
1052 2336 1121 2381 ut
1162 2321 1418 2401 aliquem
1465 2339 1699 2381 sensum
1735 2319 2054 2386 efficerent.

39 2404 41 2411 '
132 2400 323 2464 Simili
369 2402 625 2483 quadam
660 2400 895 2464 ratione
938 2401 1089 2462 illius
1122 2401 1228 2462 vim
1269 2403 1522 2484 peccandi
1563 2400 1835 2466 scribitur
1875 2403 1934 2464 in
1963 2402 2068 2468 ed:

50 2520 57 2526 -
134 2483 322 2546 Rom.
351 2499 410 2542 et
441 2482 627 2545 Tarv.
661 2485 773 2562 pro
805 2501 930 2564 quo
958 2497 1051 2543 est
1076 2484 1158 2544 illi
1179 2485 1287 2544 vim
1306 2482 1557 2564 peccandi
1593 2483 1653 2545 in
1674 2482 1764 2545 ed.
1789 2483 1948 2544 Ven.
1974 2483 2056 2546 At

135 2565 229 2624 illi
248 2587 398 2630 usum
423 2565 679 2646 peccandi
712 2564 799 2624 ed.
816 2564 895 2625 A.
945 2564 1030 2623 illi
1046 2563 1130 2624 ius
1156 2566 1411 2646 peccandi
1439 2564 1660 2645 primus
1685 2564 1862 2626 edidit
1880 2565 2082 2626 Eras-

132 2665 273 2708 mus
292 2691 313 2720 ,
338 2645 503 2728 quod
533 2646 733 2725 ‘ipsum‘
762 2664 889 2708 uno
916 2663 1207 2726 consensu
1242 2662 1446 2709 tenent
1479 2664 1718 2723 omneS,
1745 2664 1906 2727 quos
1941 2663 2057 2708 no-

134 2727 336 2790 vimus
354 2772 377 2800 ‚
406 2726 579 2788 codd.
606 2726 784 2788 mssti.
1487 2743 1493 2747 ·

216 2807 259 2868 l.
300 2809 394 2869 16.
436 2808 632 2886 Quid?
673 2828 832 2886 quare
874 2827 1010 2889 ergo.
1048 2805 1147 2872 Sic
1188 2823 1390 2869 noster
1421 2825 1530 2869 ms.
1554 2830 1609 2868 a.
1657 2806 1872 2888 Uulgo
1907 2807 2062 2887 Quid

136 2899 217 2950 'est
242 2891 408 2968 ergo?
436 2909 593 2970 quare
612 2888 744 2950 edd.
776 2907 913 2952 cum
945 2889 1071 2958 Par.
1094 2911 1149 2950 a.
1184 2889 1337 2966 Quid
1347 2907 1427 2950 est
1453 2909 1608 2970 quare
1633 2908 1747 2968 ergo
1781 2905 1981 2951 noster
2007 2890 2062 2950 b.

140 2989 279 3031 cum
314 2968 467 3032 aliis,
523 2970 674 3047 Quid
708 2991 825 3050 ergo
850 2965 934 3030 est
966 2991 1127 3050 quaro
1164 2986 1362 3032 noster
1388 2991 1436 3031 c.
1471 2985 1532 3031 et
1565 2970 1657 3032 ed.
1675 2969 1756 3032 A.
1808 2971 1960 3050 Quid
1985 2987 2067 3031 est

137 3073 297 3132 quare
337 3070 432 3131 ego
478 3051 669 3112 codex
705 3050 1057 3112 Nicotianus
1096 3050 1448 3133 Opsopoei3
1486 3051 1601 3113 nisi
1638 3052 1864 3128 forsan-
1890 3070 2064 3113 com-

138 3131 425 3214 pendiosa
440 3130 729 3213 scriptura
750 3176 769 3204 ‚
798 3150 973 3214 quam
1002 3153 1095 3214 ego
1114 3133 1524 3211 interpretatus
1551 3150 1640 3194 est
1664 3129 2062 3214 Opsopoeus‚

140 3231 265 3276 non
296 3233 391 3294 ego
419 3210 696 3285 valebat,
724 3213 827 3274 sed
850 3233 965 3294 ergo
986 3257 1007 3284 ,
1040 3214 1536 3294 quemadmodum
1569 3213 1628 3273 in
1651 3231 1860 3276 nostro
1885 3233 1995 3277 ms.
2014 3216 2067 3276 b.

140 3313 267 3355 vox
300 3315 420 3375 ergo
456 3291 819 3374 significatur
858 3294 1013 3356 nuda
1059 3294 1225 3358 litera
1254 3312 1296 3372 g
1321 3312 1460 3356 cum
1505 3294 1705 3358 vocali
1741 3317 1774 3356 o
1813 3311 2066 3374 superne

146 3374 451 3456 imposita.
535 3376 670 3435 lbid.
706 3375 816 3435 ulla
841 3376 1015 3436 verba.
1057 3375 1295 3437 Vocem
1333 3377 1488 3448 ulla,
1524 3376 1582 3436 in
1614 3376 1708 3437 ed.
1743 3375 1971 3436 Erasm.
2005 3391 2068 3438 et

149 3457 315 3519 Mur.
363 3473 586 3518 temere
626 3457 1085 3536 praetermissam
1108 3499 1127 3528 ‚
1176 3457 1432 3518 restituit
1472 3455 1723 3534 LipsiuS.
1770 3456 1867 3515 illa
1889 3495 1892 3504 -
1913 3457 2068 3517 verba

148 3538 425 3600 scribitur
451 3537 510 3596 in
550 3553 761 3598 nostro
796 3557 904 3598 ms.
930 3559 980 3598 c.
1012 3538 1110 3596 sed
1146 3537 1207 3596 in
1238 3555 1349 3598 ora
1385 3551 1631 3597 notatur
1664 3535 1857 3598 „alias
1885 3538 2071 3601 ullam

150 3619 311 3700 quod
341 3619 536 3697 ipsum
562 3619 629 3680 in
648 3635 933 3679 contextu
956 3617 1136 3678 habet
1166 3617 1258 3677 ed.
1284 3616 1367 3676 A.
1392 3633 1528 3678 cum
1555 3615 1699 3678 aliis.
1783 3617 1822 3676 l.
1854 3636 1944 3694 17.
1969 3639 2070 3680 co-

152 3721 263 3760 ram
296 3702 469 3760 amico
500 3722 627 3761 meo.
668 3697 862 3760 Deest
888 3721 996 3759 meo
1030 3699 1117 3758 ed.
1144 3697 1308 3759 Mur.
1336 3714 1399 3759 et
1433 3697 1590 3776 Lips.
1614 3697 1715 3758 sed
1740 3715 2072 3778 agnoscunt
2113 3759 2122 3770 ,

156 3797 377 3843 vocem
424 3799 565 3844 cum
602 3779 865 3858 reliquae
899 3777 1191 3840 editiones
1222 3796 1468 3854 omnes,
1509 3796 1638 3840 tum
1679 3777 1848 3842 mssti
1873 3778 2072 3842 ⁴nostri

155 3885 203 3924 a.
226 3864 281 3924 b.
302 3878 455 3936 caet
486 3859 839 3925 Gruteriani
868 3860 1128 3946 aliique.-
1209 3857 1371 3938 1218.
1405 3881 1515 3922 non
1543 3876 1726 3941 putem
1751 3861 1936 3926 sotum.
1971 3883 2074 3922 so-
