2759 4825
537 382 1356 462 EPlSTOLA
1440 392 1745 470 CXXI.
1966 424 2109 476 ιιι·

147 575 303 622 usu
333 550 458 622 illa
481 550 560 622 in
600 553 742 624 hoc
765 552 1182 645 pervenire,
1221 556 1344 626 sed
1383 561 1684 630 naturali
1726 585 1967 633 amore
1999 587 2107 636 sa·
2182 627 2193 636 .

146 660 340 732 lutis
361 685 552 732 suae.
591 662 683 733 Et
715 663 1006 734 tardum
1037 681 1140 734 est
1159 715 1182 752 ‚
1205 683 1312 748 ,et
1337 669 1613 738 varium
1633 721 1655 756 ,
1706 671 1909 762 quod
1940 697 2105 742 usus

153 769 436 841 docet:
477 769 846 863 qhidquid
873 789 1126 846 natura
1151 775 1402 863 tradit,
1435 793 1507 847 et
1536 781 1831 868 aequale
1860 780 2103 852 omni-

153 879 308 950 bus
337 899 489 967 est,
535 898 608 952 et
629 881 884 953 statim.
915 878 986 951 Si
1026 899 1268 954 tamen
1297 887 1550 984 exigis,
1598 886 1867 974 dicam,
1910 913 2105 982 quo-

152 987 410 1062 modo
437 985 678 1063 'omne
719 991 980 1064 animal
1029 995 1414 1087 perniciosa
1454 997 1844 1095 intelligere
1886 1017 2103 1072 cone-

156 1118 305 1171 tur.
335 1099 580 1174 Sentit
603 1125 674 1172 se
701 1124 912 1173 carne
935 1113 1287 1175 constare:
1313 1106 1557 1198 itaque
1587 1132 1821 1201 quum
1846 1112 2100 1200 sentit,

159 1207 354 1302 quid
405 1209 536 1306 sit,
593 1232 745 1302 quo
791 1211 1004 1282 secari
1043 1235 1235 1300 caro,
1283 1237 1437 1310 quo
1478 1216 1627 1302 uri,
1677 1239 1831 1307 quo
1868 1219 2103 1290 obteri

163 1318 398 1411 possit
417 1369 440 1404 ,
472 1339 662 1410 quae
689 1320 829 1390 sint
865 1319 1190 1392 animalia
1217 1343 1482 1392 armata
1506 1321 1599 1393 ad
1637 1326 2097 1413 nocendum3

161 1428 446 1498 horum
470 1426 782 1519 speciem
811 1429 1022 1500 trahit
1043 1429 1407 1527 inimicam
1436 1450 1507 1502 et
1537 1434 1885 1503 hostilem.
1906 1433 2101 1508 Inter

166 1561 242 1606 se
273 1537 408 1606 ista
433 1536 816 1608 coniuncta
845 1554 1053 1608 sunt:
1089 1543 1302 1610 simul
1337 1540 1527 1610 enim
1558 1542 1973 1614 conciliatur
1998 1569 2103 1616 sa-

165 1643 312 1716 luti
353 1667 524 1716 suae
563 1647 952 1740 quodque,
999 1665 1108 1735 et,
1161 1673 1351 1742 quae
1398 1651 1688 1738 iuvant,
1726 1653 1840 1720 illa
1877 1654 2095 1744 peti13

167 1759 446 1828 laesura
469 1755 827 1828 formidat.
859 1759 1227 1831 Naturales
1251 1758 1339 1828 ad
1367 1759 1565 1828 utilia
1592 1759 1941 1852 impetun,
1973 1787 2103 1834 na-

173 1871 444 1942 turales
481 1893 523 1938 a
569 1870 930 1941 contrariis
968 1870 1489 1964 aspernationes
1524 1885 1723 1942 sunt:
1774 1869 1922 1944 sine
1956 1876 2103 1946 ulla

171 1979 653 2075 cogitatione,
707 2003 894 2072 quae
937 1980 1076 2052 hoc
1114 1980 1380 2066 dictet,
1432 1980 1581 2051 sine
1622 1980 1915 2052 consilio
1963 1982 2045 2052 fit
2072 2032 2103 2072 ‚

173 2087 550 2180 quidquid
577 2103 826 2158 natura
854 2089 1234 2182 praecepit.
1263 2088 1433 2160 Non
1459 2089 1655 2159 vides
1675 2138 1696 2175 ‚
1724 2109 1984 2182 quanta
2010 2093 2103 2162 sit

175 2194 532 2266 subtilitas
567 2195 822 2288 apibus
861 2196 954 2266 ad
999 2196 1334 2292 fingenda
1379 2196 1786 2268 domicilia?
1832 2215 2105 2289 quanta

179 2307 464 2379 dividui
508 2307 769 2386 laboris
817 2308 1140 2382 obeundi
1190 2303 1620 2380 concordia?
1674 2307 1840 2378 Non
1868 2310 2123 2398 videas

181 2441 410 2511 quam
435 2418 620 2487 nulli
659 2417 1076 2488 mortalium
1124 2418 1483 2489 imitabilis
1520 2417 1639 2487 ina
1668 2418 1901 2489 aranei
1942 2435 2105 2491 tex-

181 2526 388 2597 tura?
437 2529 690 2616 quanti
719 2525 950 2619 operis
971 2526 1058 2595 sit
1076 2576 1100 2611 ‚
1134 2525 1247 2597 fila
1275 2524 1690 2617 disponere,
1734 2529 1869 2597 alia
1894 2528 1967 2597 in
1988 2552 2115 2598 ren·

185 2650 384 2706 ctum
413 2631 691 2703 inmissa
717 2632 1143 2703 firmamenti
1167 2634 1334 2704 loco
1353 2684 1378 2721 ,
1404 2634 1532 2703 alia
1557 2635 1633 2705 in
1661 2634 1919 2705 orbem
1943 2659 2115 2709 cur-t

181 2740 412 2813 rentia
435 2764 528 2811 ex
557 2740 778 2811 denso
810 2741 1006 2811 rara?
1057 2764 1273 2833 quam
1309 2743 1587 2813 minora
1614 2746 1939 2815 animalia
1960 2797 1983 2830 ,
2024 2747 2103 2819 in

183 2874 502 2943 quorum
529 2849 916 2943 perniciem
961 2851 1080 2919 illa
1121 2849 1523 2921 tenduntnr
1544 2902 1566 2937 ,
1598 2852 1800 2922 velut
1828 2855 2103 2927 'retibus

181 2960 517 3054 inplicata
546 2960 968 3031 teneantur?
1012 2960 1334 3032 Nascitur
1370 2984 1475 3031 ars
1506 2961 1669 3047 ista‚·
1712 2984 1863 3033 non
1900 2962 2110 3039 disci·

189 3068 600 3161 tur.1taque
623 3071 910 3139 nulium
954 3087 1056 3139 est
1078 3070 1337 3139 animal
1375 3071 1601 3139 altero
1630 3070 1931 3142 doctius.
1965 3072 2103 3143 Vi-

191 3179 390 3251 debis
411 3203 826 3253 araneorum
857 3204 1054 3273 pares
1077 3180 1246 3250 telas
1266 3231 1288 3266 ,
1318 3204 1445 3273 par
1482 3182 1557 3249 in
1606 3179 1785 3250 favis
1798 3184 2105 3298 angulo-

187 3316 354 3363 rum
385 3293 712 3363 omnium
741 3290 1081 3363 foramen.
1124 3290 1486 3361 incertum
1525 3308 1625 3360 est
1650 3310 1725 3359 et
1762 3290 2111 3382 inaequa-.

189 3406 306 3491 le,
351 3402 718 3497 quidquid
755 3426 858 3472 ars
905 3402 1157 3487 tradit3
1201 3424 1292 3471 ex
1333 3425 1575 3524 aequo
1611 3399 1851 3497 venit,
1890 3396 2101 3490 quod

190 3531 438 3585 natura
486 3513 867 3585 distribuit.
920 3514 1116 3583 Haec
1150 3512 1326 3581 nihil
1361 3511 1612 3607 magis,
1660 3532 1879 3609 qnam
1907 3522 2101 3578 tute·

187 3623 336 3691 lam
357 3620 464 3692 sui
495 3638 570 3693 et
593 3621 743 3692 eius
783 3620 1108 3713 peritiam
1129 3670 1151 3705 ‚
1179 3619 1505 3702 tradidit3
1545 3616 1857 3706 ideoque
1882 3613 2099 3689 etiam

183 3729 402 3803 simul
439 3732 802 3826 incipiunt
845 3746 916 3799 et
941 3729 1202 3811 disoere
1233 3745 1305 3797 et
1332 3728 1607 3795 vivere:
1656 3746 1790 3793 nec
1818 3737 1931 3793 est·
1958 3722 2101 3795 mi-

187 3864 392 3933 rum,
421 3864 600 3939 curn
619 3864 716 3914 eo.
729 3836 916 3911 nasci
937 3836 1054 3907 ina
1073 3886 1098 3927 ‚
1123 3834 1271 3920 sine
1293 3833 1715 3930 quofrustra
1736 3852 2105 3907 nasceren-
