2759 4825
628 405 766 480 140
993 381 1078 456 L.
1126 378 1579 454 ΑΝΝΑΕΙ
1626 377 2168 461 ΒΕΝΕΟΑΕ

619 541 788 616 dem
826 541 1208 614 lectionem
1243 541 1657 637 Philologus
1699 539 2020 627 accessit,
2065 539 2206 612 hoc
2256 539 2547 614 subito·-

617 666 756 723 tat:
795 646 984 718 Duos
1007 649 1326 720 Romanos
1357 673 1543 741 reges
1582 673 1713 720 esse
1732 700 1755 723 ,
1784 673 2053 745 quorum
2086 651 2257 722 alter
2272 670 2543 748 patrm

617 785 744 831 non
778 759 966 828 habet
982 811 1007 833 .
1033 760 1200 831 alter
1219 777 1530 831 matrem.-
1574 782 1743 830 nam
1768 759 1859 832 de
1884 756 2361 842 Servii,mat1e
2394 761 2544 833 du·-

615 868 925 953 bitatur3
979 866 1162 940 Anci
1196 886 1397 961 pater
1434 870 1712 953 nullus;
1762 871 2045 941 Numae
2086 892 2311 961 nepos
2356 870 2545 944 dici-2

617 993 752 1046 tur.
780 969 1136 1069 Prme'rea
1165 991 1370 1048 notat
1388 1029 1411 1062 ‚
1444 1002 1624 1051 eum,
1649 1002 1831 1072 quem
1858 1002 1969 1048 nos
1998 977 2411 1051 Dicmorm
2438 980 2545 1051 di-

612 1088 821 1158 cimus
861 1102 924 1155 et
961 1088 1028 1154 in
1058 1085 1344 1156 historiis
1384 1088 1485 1156 ita
1514 1087 1838 1156 nominari
1870 1087 2183 1179 legimus,
2224 1089 2543 1186 apudan-

617 1197 822 1290 tiques
851 1195 1246 1288 Magistrum
1278 1196 1502 1292 populi
1534 1214 1847 1268 vocatum.
1888 1197 2277 1292 Hodieque
2304 1199 2383 1270 id
2410 1223 2544 1270 ex·-

617 1322 752 1374 stat
786 1304 858 1372 in
897 1301 1376 1401 Auguralibus
1424 1302 1657 1388 libtis3
1716 1321 1789 1374 et
1830 1308 2325 1380 testimonium
2376 1329 2482 1380 est
2512 1359 2543 1397 ,

619 1413 862 1504 quod,
909 1413 1039 1504 qui
1079 1413 1170 1484 ab
1217 1411 1343 1484 illo
1396 1412 1854 1504 nominatug,
1902 1417 2228 1510 Magister
2256 1423 2545 1514 equitum

621 1523 742 1592 est.
772 1519 1030 1613 Aeque
1059 1537 1305 1610 notat,
1335 1523 1677 1596 Romulum
1700 1528 1943 1622 perisse
1966 1529 2119 1597 solis
2146 1529 2544 1625 defectione:

609 1634 1118 1729 provocationem
1145 1630 1233 1700 ad
1247 1633 1561 1733 populum.
1588 1637 1783 1706 etiam
1808 1661 1847 1706 a
1878 1636 2135 1728 regibus
2146 1635 2415 1734 fuisse.-
2456 1636 2549 1710 id

618 1737 718 1806 ita
747 1738 818 1804 in
843 1737 1377 1812 pontificalibus
1403 1739 1594 1809 libris
1612 1741 1839 1833 'aliqui
1878 1760 2136 1836 putant
2153 1791 2175 1829 ,
2222 1761 2294 1815 et
2317 1745 2373 1814 F
2376 1769 2547 1818 ene-.-

613 1850 849 1918 stella.·
881 1846 1186 1919 Eosdem
1223 1849 1443 1924 libros
1474 1875 1709 1942 quum
1748 1851 2265 1926 Grammaticus
2308 1856 2545 1948 expli-2

619 1955 812 2043 cuit,
843 1958 1159 2049 primum
1191 1959 1411 2029 verba
1446 1958 1667 2050 prisca
1687 2008 1715 2046 ‚
1750 1986 1991 2058 reapse.
2014 1964 2151 2034 dici
2180 1989 2219 2034 a
2258 1965 2545 2036 Cicero-

620 2091 756 2154 ne,
791 2067 868 2136 id
897 2085 999 2138 est
1021 2117 1047 2154 ,
1079 2072 1324 2166 reipsa,
1365 2071 1441 2137 in
1467 2072 2063 2170 commentarium
2098 2073 2309 2144 refert
2336 2101 2355 2151 ;
2399 2096 2545 2148 nec

619 2180 856 2252 minus
892 2204 1062 2255 sese,
1108 2179 1185 2247 id
1209 2196 1312 2248 est
1337 2231 1360 2266 ,
1402 2185 1617 2278 seipse.
1670 2181 1955 2266 Deinde
1990 2183 2362 2254 transit-ad
2406 2207 2491 2254 ea
2514 2235 2545 2272 ,

623 2311 810 2378 quae
865 2287 1312 2358 consuetudo
1359 2288 1573 2367 seculi
1622 2289 1925 2360 mutavit
1943 2314 1976 2374 3.
2020 2306 2397 2381 tamquam
2434 2292 2543 2360 ait

621 2398 914 2485 Cicem,
948 2401 1245 2493 quoniam
1267 2425 1487 2469 sumus
1512 2399 1591 2469 ab
1618 2402 1761 2500 ipsa
1796 2400 1971 2473 calce
2002 2402 2137 2473 eius
2168 2401 2544 2505 interpella·

629 2518 796 2585 tione
838 2515 1157 2586 revocati.-
1199 2514 1420 2601 hanc,
1458 2537 1677 2606 quam
1725 2536 1925 2585 nunc
1962 2515 2038 2585 in
2079 2514 2266 2585 circo
2295 2532 2543 2585 cretam

622 2643 1001 2709 vocamus,
1049 2616 1287 2693 calcem
1329 2622 1608 2713 antiqui
1660 2621 2015 2693 dicebant*
2076 2622 2357 2697 Deinde
2390 2622 2543 2693 EN-

624 2746 920 2799 NIANos
957 2730 1226 2829 colligit
1250 2753 1485 2801 versus
1505 2780 1527 2818 ‚
1559 2746 1632 2801 et
1660 2731 1733 2801 in
1771 2732 2015 2824 primis
2038 2732 2197 2803 illos
2222 2730 2316 2802 de
2342 2730 2545 2803 Afri-

625 2860 805 2911 cano
830 2840 1158 2933 scriptos:
1343 2858 1350 2866 “
2000 2874 2004 2879 ⁴

833 2990 906 3001 —
944 2990 1015 3003 -—
1053 2950 1178 3019 Cui
1199 2974 1376 3021 nemo
1404 2953 1559 3022 civis
1582 2976 1777 3045 neque
1814 2950 2013 3021 hostis

723 3057 930 3155 quivit
945 3080 1065 3152 pro
1070 3058 1292 3154 factis
1315 3058 1573 3132 reddere
1596 3084 1820 3156 operae
1842 3062 2146 3157 pretium.
2248 3104 2255 3111 ·

627 3164 744 3235 Ex
778 3189 866 3233 eo
893 3188 966 3233 se
991 3164 1090 3237 ait
1119 3167 1507 3264 intelligere
1528 3218 1551 3255 ,
1597 3168 1793 3261 apud
1828 3170 2164 3261 antiquos
2196 3191 2351 3242 non
2380 3186 2540 3243 tan-

627 3292 788 3345 tum
837 3276 1156 3375 auxilium
1200 3276 1607 3374 significasse
1648 3284 1933 3375 oper'am,
1980 3279 2109 3349 sed
2152 3304 2386 3378 opera:
2438 3280 2541 3353 ait

629 3387 822 3459 enirn
844 3435 869 3473 ,
896 3385 1266 3457 neminem
1291 3389 1604 3481 potuisse
1622 3386 1983 3484 Scipioni,
2006 3414 2251 3484 neque
2274 3390 2538 3480 civem,

627 3516 868 3585 neque
894 3492 1172 3570 hostem
1195 3544 1217 3581 ,
1257 3494 1559 3567 reddere
1592 3521 1815 3593 operae
1840 3498 2173 3591 pretium.
2220 3497 2537 3569 Felicem

631 3602 892 3675 deinde
919 3628 998 3675 se
1015 3622 1258 3698 putat,
1298 3606 1545 3700 quod
1530 3608 1877 3679 invenerit
1894 3658 1919 3698 ‚
1964 3606 2159 3681 unde
2186 3605 2418 3680 visum
2446 3605 2539 3681 sit

632 3709 1020 3788 VIRGILIO
1045 3716 1318 3789 dicere·

935 3858 1010 3875 -·-
1053 3864 1124 3881 --
1172 3827 1380 3939 Quem
1402 3851 1591 3926 super
1618 3828 1842 3935 ingens
