2759 4825
621 401 824 494 ,ΕΡ
871 392 904 472 I
954 401 1002 473 S
1051 401 1124 472 T
1173 400 1244 475 O
1295 405 1358 476 L
1407 403 1472 479 A
1558 406 1765 480 CVI.
2030 435 2169 510 -127

255 579 330 634 et
353 563 580 635 Bonan
613 563 927 656 primum
946 615 966 650 ,
999 565 1162 654 quia
1189 567 1534 639 contraria
1562 568 1699 638 istis
1722 586 1923 658 sunt3
1962 573 2169 646 dein-

257 673 346 741 de
366 725 386 758 ‚
423 673 598 764 quia
626 673 876 743 eadem
905 673 1036 743 tibi
1065 674 1322 744 iudicia
1349 677 1819 767 praestabunt.
1863 679 1978 749 An
2012 705 2165 756 non

253 779 444 851 vides
475 831 495 866 ,
552 795 908 872 quantum
957 782 1182 851 oculis
1223 782 1350 854 det
1391 783 1706 880 vigorem
1758 787 2163 867 fortitudo?

251 908 601 982 quantam
635 889 1113 959 intentionem
1157 891 1584 982 prudentia?
1630 905 1971 987 quantam
2000 926 2163 973 mo-

249 999 550 1069 destiam
571 1017 647 1068 et
689 1001 1008 1090 quietem
1053 1001 1441 1072 reverentia
1467 1003 1501 1073 Ρ
1536 1023 1877 1096 quantam
1910 1011 2163 1082 sereni-

246 1124 462 1177 tatem
495 1108 759 1176 laetitia
778 1107 813 1176 ἐ)
844 1105 1200 1200 quariturn
1223 1110 1527 1206 rigorem
1550 1115 1915 1186 severitas?
1936 1143 2162 1210 quan-

245 1231 388 1284 tam
413 1214 900 1286 remissionem
929 1215 1222 1287 veritas?
1251 1220 1531 1317 Corpora
1555 1245 1723 1318 ergo
1746 1246 1909 1296 sunt
1923 1251 1944 1310 3
1976 1251 2163 1320 quae

245 1331 563 1399 colorem
594 1327 1074 1418 habitumque
1101 1349 1485 1418 corporum
1513 1349 1829 1417 mutant,
1870 1358 2057 1427 quae
2081 1339 2157 1410 in

247 1436 384 1506 illis
408 1462 700 1536 regnum
735 1462 949 1507 suurn
979 1454 1330 1506 exercent.
1369 1437 1645 1508 Omnes
1669 1461 1950 1530 autem,
1984 1471 2157 1538 quas

246 1550 505 1632 retuli,
542 1552 856 1620 virtutes.
903 1547 1093 1616 Bona
1135 1565 1336 1634 sunt,
1379 1565 1450 1618 et
1486 1551 1845 1644 quidquid
1890 1580 1979 1626 ex
2028 1561 2159 1631 illis

181 1727 195 1736 ,
245 1671 366 1725 est.
419 1652 812 1747 Numquid
843 1673 944 1723 est
969 1651 1319 1743 dubium,
1347 1678 1442 1725 an
1462 1655 1577 1743 id,
1607 1682 1757 1750 quo
1786 1662 1965 1754 quid
2006 1683 2157 1738 tan-

235 1770 316 1864 gi
342 1783 627 1858 potest,
661 1792 883 1864 corpus
911 1765 1049 1836 sit?

349 1877 652 1970 Tangere
675 1880 840 1946 enim
863 1894 927 1946 et
951 1880 1160 1970 tangi
1181 1878 1308 1947 nisi
1325 1901 1569 1976 corpus,
1572 1881 1782 1952 nulla
1797 1899 2009 1980 potest
2029 1913 2154 1965 res

250 2004 334 2054 ut
359 1989 458 2054 ait
513 1986 649 2056 Lu
673 2007 715 2055 c
740 2006 788 2056 R
807 2005 851 2054 Ε
873 2005 920 2054 Τ
939 2005 968 2053 1
989 2003 1040 2053 u
1064 2003 1141 2058 s:
1189 1987 1431 2057 omnia
1473 2007 1715 2058 autem
1755 1990 1881 2062 ista
1899 2043 1924 2080 ,
1970 2015 2155 2086 quae

241 2095 436 2182 dixi,
475 2117 628 2165 non
670 2111 1031 2165 mutarent
1061 2119 1350 2189 corpus,
1385 2094 1517 2166 nisi
1550 2114 1940 2191 tangerent,-
1987 2127 2153 2202 ergo

240 2229 510 2302 corpora
533 2217 719 2273 sunt.
775 2203 1204 2274 Etiamnunc
1227 2253 1250 2290 ‚
1283 2203 1400 2273 cui
1425 2221 1615 2274 tanta
1638 2206 1733 2276 vis
1758 2225 1860 2279 est
1880 2257 1905 2296 ,
1936 2225 2019 2281 ut
2043 2210 2156 2282 in-

237 2316 458 2406 pellat
503 2329 580 2384 et
619 2330 826 2410 cogat
865 2329 935 2383 et
973 2313 1273 2384 retineat
1315 2327 1391 2386 et
1430 2312 1711 2401 iubeat,
1762 2341 1989 2415 corpus
2028 2339 2148 2394 est.

239 2424 444 2529 Quid
478 2422 691 2520 ergo?
727 2419 900 2494 Non
935 2423 1152 2493 timor
1183 2422 1497 2493 retinet?
1538 2445 1693 2496 non
1720 2423 2009 2497 audacia
2039 2429 2153 2499 in-

234 2534 441 2627 pellit
465 2533 498 2601 ?
539 2554 694 2602 non
744 2530 1090 2602 fortitudo
1134 2532 1436 2602 inmittit
1479 2548 1549 2601 et
1586 2532 1943 2624 impetum
1981 2537 2149 2608 dat?

231 2665 383 2711 non
411 2641 814 2711 moderatio
837 2640 1140 2711 refrenat
1162 2664 1242 2711 ac
1267 2641 1604 2713 revocat?
1629 2666 1779 2713 non
1802 2644 2149 2741 gaudium

233 2752 570 2823 extollit?
615 2774 766 2822 non
805 2750 1078 2821 tristitia
1112 2749 1465 2821 adducit?
1513 2750 1889 2843 Denique,
1913 2757 2151 2845 ‘quid-

233 2861 428 2953 quid
471 2861 816 2947 facimus,;
844 2878 968 2930 aut
1011 2860 1316 2931 malitiae
1359 2876 1483 2927 aut
1526 2860 2145 2957 virtutis-gerimus

229 2970 575 3064 imperio:
605 2970 810 3062 quod
833 2970 1136 3063 imperat
1165 2968 1485 3062 corpori,
1524 2992 1751 3065 corpus
1775 2987 1909 3055 θεῖς
1939 2970 2145 3063 quod

226 3080 380 3150 vim
410 3080 690 3173 corpori
732 3079 996 3166 adfert,
1035 3104 1278 3177 corpus.
1319 3078 1605 3149 Bonum
1644 3079 1955 3171 corporis
1989 3103 2171 3150 cor--

233 3193 474 3284 potale
513 3206 650 3277 est3
693 3190 974 3262 bonum
1013 3190 1359 3278 hominis,
1400 3206 1475 3263 et
1517 3190 1827 3283 corporis
1856 3190 2142 3263 bonum

225 3316 374 3371 est:
402 3298 644 3391 itaque
669 3300 1034 3391 corporale
1067 3318 1188 3369 est.

326 3410 741 3512 Quoniam,
780 3427 862 3480 ut
890 3410 1211 3495 voluisti,
1243 3432 1513 3479 morem
1544 3407 1715 3505 gessi
1740 3408 1913 3495 tibi,
1940 3433 2139 3479 nunc
2174 3453 2182 3461 ·

225 3520 376 3615 ipse
421 3521 660 3593 dicam
703 3521 1168 3615 mihi‚'quod
1213 3522 1575 3596 dicturum
1622 3545 1763 3592 esse
1798 3534 1869 3589 te
1904 3519 2135 3591 video.

226 3630 678 3703 Latrunculis
705 3631 1059 3718 ludimus;
1091 3632 1164 3701 in
1191 3632 1631 3724 supervacuis
1656 3630 2001 3703 subtilitas
2019 3647 2139 3701 ‘te-

219 3739 438 3811 titur:
487 3761 646 3809 non
682 3737 954 3811 faciunt
981 3740 1204 3809 bonos
1229 3740 1395 3827 ista,
1435 3741 1561 3811 sed
1594 3739 1862 3810 doctos.
1911 3738 2138 3832 Aper-

217 3850 366 3926 tior
384 3874 494 3923 res
518 3866 926 3947 campere,
955 3850 1182 3925 immo
1205 3849 1591 3945 simplicior
1614 3868 1733 3925 est.
1760 3848 2007 3923 Paucis
2032 3866 2135 3921 est
