2759 4825
581 409 1646 491 EPLSTOLAXC.
2032 438 2077 523 ς

161 573 386 675 fuisse.
434 575 554 671 qm·
570 632 583 639 -
581 573 770 671 ferri
797 576 1070 649 metalla
1114 592 1182 647 et
1219 580 1389 649 aeris
1429 580 1826 654 invenerint.
1876 606 2075 677 quum

181 685 434 757 metudio
479 685 802 758 silvarum
831 684 1064 757 adusta
1099 686 1290 757 tellus
1331 689 1399 757 in
1449 712 1694 761 summo
1734 712 1931 761 venas
1969 693 2075 761 ia.-

177 814 362 867 centes
375 794 768 893 liquefactas
768 792 1081 893 fudisset.
1119 795 1254 869 Ista
1279 794 1451 870 tal'es
1474 796 1855 869 inveniunt
1870 848 1893 885 ,
1909 824 2083 891 qua·

173 910 262 977 les
287 909 552 981 colunt:
587 906 710 979 Ne
738 908 855 977 illa
897 907 1198 1001 quidem
1243 922 1393 979 tam
1427 908 1713 980 subtilis
1751 912 2078 1002 quaestio

175 1015 330 1085 mihi
353 1016 644 1087 videtur
664 1068 687 1103 ,
739 1041 960 1109 quam
999 1018 1056 1087 P
1073 1038 1122 1087 0
1143 1036 1180 1091 s
1200 1038 1232 1087 1
1257 1038 1312 1089 D
1329 1038 1385 1089 o
1402 1038 1453 1088 Ν
1468 1038 1499 1087 1
1516 1037 1606 1088 0:
1646 1018 1881 1089 Utrum
1902 1020 2077 1091 mal-

179 1125 341 1195 leus
315 1150 378 1195 m
401 1150 524 1195 usu
547 1150 682 1198 esse
691 1128 922 1224 prius,
955 1125 1339 1223 anforcipes
1359 1124 1699 1224 coeperint.
1756 1125 2087 1221 Utraque

172 1234 430 1303 invenit
453 1233 710 1325 aliquis
735 1234 1100 1305 exercitati
1127 1233 1440 1331 ingemi,
1474 1234 1705 1321 acuti,
1744 1258 1899 1307 non
1928 1262 2080 1309 ma-

176 1342 320 1439 gni,
353 1365 486 1413 nec
519 1343 724 1429 elati3
775 1358 848 1413 et
874 1342 1240 1436 quidquid
1267 1342 1469 1417 aliud
1502 1366 1805 1438 corpore
1840 1344 2081 1418 incur-

179 1456 464 1535 vato,·et
493 1452 743 1523 animo
783 1446 1093 1523 humum
1133 1468 1501 1545 spectante
1516 1469 1548 1541 ,'
1574 1453 2077 1546 quaerendum

179 1575 281 1630 est.
315 1557 604 1653 Sapiens
625 1560 843 1633 facilis
871 1560 1066 1635 victu
1089 1559 1252 1633 fuit.
1291 1560 1625 1666 Quidni?
1664 1586 1905 1657 quum
1930 1564 2081 1637 hoc

179 1690 454 1759 quoque
473 1670 716 1740 seculo
741 1692 1128 1761 essequam
1161 1667 1725 1764 expeditissimus
1756 1670 2023 1765 cupiat.

267 1777 670 1881 Quomodo
696 1830 720 1869 ,
747 1805 878 1851 oro
903 1798 978 1851 te
997 1830 1020 1866 ,
1049 1778 1431 1864 convenit,
1462 1800 1548 1851 ut
1568 1797 1643 1851 et
1669 1778 2081 1875 Diogenem

179 1891 457 1976 mireris,
497 1907 576 1961 et
609 1890 1008 1961 Daedalum
1029 1890 1062 1957 ξ’
1110 1887 1286 1963 Uter
1337 1910 1432 1962 ex⁴
1476 1888 1583 1959 his
1620 1886 1899 1979 sapiens
1942 1886 2080 1957 tibi

179 1998 434 2069 videtut
458 1999 494 2068 Ξ>
556 1997 686 2089 qui
735 2022 990 2069 serram
1047 2012 1505 2085 commentus
1560 2011 1663 2064 est
1688 1995 1722 2064 Ξ)
1769 2021 1863 2067 an
1918 1998 2081 2085 ille,

179 2109 324 2201 qui,
349 2132 590 2200 quum
617 2107 904 2179 vidisset
922 2130 1232 2201 puerum
1259 2130 1427 2176 cava
1453 2126 1671 2179 manu
1699 2105 2081 2181 bibentem

175 2240 441 2308 aquam,
460 2215 674 2313 fregit
699 2215 1026 2309 protinus
1040 2230 1423 2287 exemtum·
1430 2236 1471 2282 e
1491 2212 1735 2305 perula
1754 2215 2078 2303 calicem,

175 2328 289 2397 hac
303 2326 808 2424 obiurgatione
833 2326 980 2397 sui·
1009 2324 1345 2450 Quamdiu
1372 2324 1571 2395 homo
1582 2326 1827 2395 stultus
1862 2351 2081 2424 super-

175 2463 389 2509 vacuas
410 2438 782 2511 sarcinulas
799 2437 1054 2508 habui?
1083 2459 1306 2529 quise
1331 2433 1772 2530 conplicuit
1754 2457 1833 2504 m
1852 2433 2083 2524 dolie,
2116 2516 2127 2524 ,

177 2548 330 2618 etin
353 2573 444 2618 eo
481 2545 878 2618 cubitavit?
927 2545 1172 2618 Hodie
1197 2560 1447 2618 utrum
1477 2543 1778 2615 tandem
1802 2545 2081 2638 sapien-

174 2658 413 2738 tiorem
441 2674 650 2750 putas
671 2707 692 2743 ,
725 2657 851 2749 qui
879 2656 1158 2728 invenit
1189 2653 1825 2749 quemadmodum
1864 2655 1943 2726 in
1968 2657 2083 2728 in·-

175 2791 474 2855 mensam
499 2767 960 2842 altitudinem
985 2791 1278 2838 crocum
1296 2764 1679 2837 latentibus
1700 2767 1943 2837 fistulis
1968 2789 2082 2836 ex·

176 2878 458 2970 primatz
489 2878 622 2972 qui
643 2878 948 2972 Eut-ipos
985 2877 1231 2953 subito
1269 2899 1622 2968 aquarum
1650 2877 1933 2973 impetu
1970 2877 2083 2945 in·-

177 2992 312 3082 plet
335 3007 460 3062 aut
485 2991 740 3077 siccat,
784 3008 855 3060 et
885 2990 1227 3062 versatilia
1258 2987 1770 3059 coenationum
1794 2987 2085 3081 laquea-

174 3101 257 3170 tia
285 3100 382 3170 ita
421 3115 925 3197 coagmentat,
962 3116 1046 3170 ut
1089 3095 1401 3173 subinde
1445 3079 1575 3168 alia
1616 3097 1823 3170 facies
1860 3113 2086 3191 atque
2180 3129 2185 3136 ·

177 3211 290 3280 alia
317 3211 691 3298 succedat,
737 3228 811 3283 et
839 3210 1102 3282 totiens
1135 3223 1368 3295 tecta-2,
1400 3207 1745 3300 quotiens
1769 3207 2037 3280 fercula
2058 3257 2089 3298 ,

176 3334 542 3390 mutentur
560 3319 596 3390 Ρ
642 3343 738 3390 an
766 3343 976 3405 eum,
1006 3319 1138 3411 qui
1161 3336 1233 3390 et
1255 3318 1402 3390 aliis
1428 3331 1503 3388 et
1532 3318 1665 3390 sibi
1691 3319 1833 3390 hoc·
1869 3340 2088 3388 mon·-

173 3445 326 3502 strat
347 3481 368 3514 ,
411 3451 636 3520 quam
667 3428 850 3500 nihil
880 3426 1090 3501 nobis
1116 3439 1371 3500 natura
1407 3423 1673 3500 dutum
1696 3449 1781 3496 ac
1804 3422 2097 3496 difficile.

173 3536 614 3630 imperaverit
633 3536 668 3606 Ξ)
713 3544 914 3631 Posse
939 3560 1068 3606 nos
1098 3534 1414 3606 habitare
1456 3535 1605 3604 sine
1632 3530 2085 3604 marmorario

174 3669 242 3715 ac
267 3645 515 3733 fabro;
566 3671 770 3740 posse
811 3672 942 3720 nos
969 3648 1257 3719 vestitos
1279 3671 1425 3718 esse
1460 3645 1609 3715 sine
1652 3643 2085 3712 commercio

173 3754 418 3828 Serum
436 3783 458 3843 3
501 3779 710 3850 posse
748 3779 880 3828 nos
911 3755 1174 3828 habere
1208 3754 1449 3828 usibus
1488 3751 1741 3835 nostris
1778 3775 2089 3822 necessa-

173 3865 260 3938 ria
279 3919 302 3957 ,
351 3867 408 3940 si
458 3867 790 3944 contenti
835 3866 1178 3942 fuerimus
1213 3867 1358 3958 his,
1398 3888 1587 3960 quae
1625 3879 1811 3938 terra
1848 3861 2093 3959 posuit

2006 4051 2037 4096 l
