2759 4825
603 381 1701 478 EPISTOLACIX.
1975 441 2103 516 143

172 543 292 615 lus
314 544 512 618 maio
541 566 792 637 nocet3
823 552 988 626 facit
1003 581 1306 652 quoque
1329 563 1649 656 peiorem
1668 621 1691 660 ,
1718 574 1889 648 iram
1910 629 1935 668 ,
1954 607 2113 656 me-

169 669 294 724 tus
317 655 692 728 incitando
715 711 738 747 ,
778 664 1090 738 tristitiae
1123 670 1592 750 adsentiendo
1614 731 1638 768 ,
1694 689 2103 784 voluptates

173 761 596 836 laudando:
645 783 720 839 et
761 783 936 843 tunc
976 778 1294 850 maxime·
1325 782 1655 860 laborant
1702 796 1919 885 mali,
1972 801 2103 872 ubi

174 872 582 964 plurimum
611 875 1146 954 vitia-miscuere
1161 933 1186 970 ,
1211 902 1282 956 et
1303 886 1383 960 in
1400 915 1647 968 sunum
1674 903 1949 979 conlata
1976 919 2109 988 ne:

177 984 410 1074 quitia
439 1002 565 1054 est.
599 987 824 1084 Ergo,
869 999 1389 1087 excommun,
1435 1003 1669 1078 bonus
1698 1011 1897 1084 bono
1932 1042 2103 1111 pro·-

178 1087 383 1158 derit.
426 1129 498 1142 —
547 1091 1006 1195 Quomodo?
1041 1100 1294 1194 inquis.
1333 1145 1407 1174 —.-
1455 1111 1821 1190 Gaudium
1848 1123 1949 1194 ill-i
1975 1128 2103 1198 ad·

109 1235 113 1240 -
179 1192 396 1282 feret,
445 1197 782 1274 fiduciam
833 1207 1324 1300 confirmabit,
1367 1238 1459 1286 ex
1505 1243 1893 1316 conspectu
1938 1257 2097 1304 mu-

178 1318 342 1376 tuae
371 1309 904 1400 tranquillitatis
923 1336 1182 1396 crescet
1201 1323 1583 1416 ‘utriusque
1602 1330 1881 1404 laetitia.
1908 1337 2101 1410 Prae·

177 1429 368 1484 terea
385 1419 862 1507 quarumdam
886 1423 989 1521 illi
1008 1449 1242 1501 rerum
1267 1432 1453 1504 scien
1462 1436 1629 1508 tiam
1645 1442 1871 1516 tradet
1891 1474 1907 1516 :
1936 1447 2093 1522 non

181 1526 373 1596 enim
401 1531 642 1600 omnia
661 1525 956 1628 Sapiens
985 1539 1152 1608 scit:
1199 1542 1412 1616 etiam
1444 1547 1499 1618 si
1526 1552 1769 1644 sciret,
1813 1558 2091 1634 brevio·

175 1658 278 1719 res
301 1637 448 1706 vias
469 1665 708 1712 rerum
731 1646 984 1738 aliquis
1011 1653 1409 1747 excogitare
1434 1678 1705 1751 posset,
1740 1682 1815 1736 et
1839 1668 1957 1740 has
1979 1671 2091 1740 in-

169 1741 406 1816 dicare
429 1797 450 1834 ,
494 1773 622 1842 per
667 1775 840 1846 quas
872 1755 1136 1828 facilius
1167 1778 1411 1840 ,totum
1456 1793 1637 1862 opus
1676 1775 2087 1850 circumfer-

179 1869 308 1924 tur.
352 1859 685 1930 Proderit
711 1859 1028 1956 Sapienti
1060 1864 1349 1964 Sapiens
1371 1925 1393 1962 ,
1424 1901 1577 1948 non
1618 1884 1755 1954 suis
1778 1887 2039 1960 viribus
2062 1943 2084 1978 ,

177 1965 295 2036 sed
321 1965 578 2060 ipsius,
611 1983 833 2062 quem
851 1975 1160 2049 adiuvat.
1195 1982 1437 2057 Potest
1456 1988 1754 2080 quidem
1788 1995 1908 2066 ille
1932 2050 1953 2084 ‚
1984 2016 2087 2070 et·

173 2069 302 2142 iam
328 2079 616 2148 relictus
637 2080 792 2168 sibi,
819 2085 1168 2177 explicare
1189 2109 1419 2186 partes
1440 2120 1593 2168 suas
1607 2125 1627 2184 3
1662 2119 1906 2176 utetur
1928 2133 2085 2200 pro·

174 2184 311 2274 pria
364 2189 782 2262 velocitate:
839 2195 962 2264 sed
1015 2199 1485 2284 nihilominus
1528 2209 1815 2284 adiuvat
1868 2219 2087 2294 etiam.

175 2312 568 2369 currentem
629 2301 969 2405 hortator.
1034 2309 1209 2381 Non
1255 2315 1544 2405 prodest
1594 2318 1910 2412 Sapienti
1958 2326 2085 2398 Sa·

173 2403 390 2495 piens,
407 2407 536 2479 sed
560 2409 694 2481 sibi
719 2409 905 2505 ipse:
934 2415 1073 2489 hoc
1100 2421 1280 2490 scias.
1301 2420 1613 2497 Detrahe
1631 2428 1731 2499 illi
1752 2432 1893 2503 vim
1916 2460 2083 2528 pro-

173 2514 432 2603 priam,
477 2536 552 2588 et
597 2520 717 2589 ille
765 2523 941 2592 nihil
983 2528 1145 2622 agit.
1190 2528 1352 2603 Uno
1389 2537 1615 2608 modo
1656 2536 1840 2613 dicas
1875 2546 2079 2637 licet,

171 2644 312 2695 non
340 2648 483 2695 esse
505 2628 580 2697 in
605 2632 820 2701 melle
851 2632 1348 2711 dulcedinem:
1375 2665 1542 2715 nam
1572 2643 1719 2739 ipse
1752 2650 1873 2722 ille
1894 2704 1917 2739 ,
1947 2657 2079 2747 qui

171 2751 304 2823 est,
346 2737 574 2811 debet
617 2742 712 2813 ita
759 2762 1036 2837 aptatus
1081 2748 1321 2845 lingua
1365 2752 1755 2848 'palatoque
1798 2786 1940 2833 esse
1985 2766 2077 2835 ad

167 2843 581 2936 huiusmodi.
599 2868 884 2949 gustum
910 2905 930 2938 ‚
956 2872 1034 2933 ut
1059 2857 1178 2927 ille
1207 2860 1358 2931 talis
1382 2884 1589 2953 sapor
1614 2888 1782 2937 eum
1810 2872 2073 2963 capiat,

164 2974 316 3025 non
351 2956 696 3031 offendat:
741 2981 908 3033 sunt
939 2966 1132 3035 enim
1166 2968 1461 3058 quidam
1483 3020 1505 3056 ,
1534 2973 1798 3063 quibus
1836 2980 2076 3052 morbi

161 3063 336 3135 vitio
384 3071 533 3138 mel
571 3095 890 3143 amarum
935 3074 1277 3149 videatur.
1337 3080 1651 3171 Oportet
1680 3100 2073 3182 utrumque

162 3178 372 3248 talem
403 3204 586 3268 esse,
621 3200 706 3251 ut
741 3202 816 3255 et
836 3184 954 3255 ille
984 3186 1314 3279 prodesse
1346 3191 1599 3281 possit,
1650 3210 1727 3265 et
1748 3196 1862 3269 hic
1900 3224 2071 3293 pro-
2166 3242 2171 3246 -
2268 3222 2275 3240 ¹

159 3284 406 3361 futuro
431 3290 688 3363 idonea
711 3298 998 3367 materia
1027 3299 1134 3369 sit.
2060 3366 2081 3377 -

251 3400 406 3486 „In
451 3423 866 3494 summum,
904 3407 1188 3499 inquit,
1228 3409 1583 3502 perducto
1612 3418 1919 3487 calorem
1961 3441 2071 3491 ca-

153 3508 366 3584 lefieri
390 3538 914 3611 supervacuum
949 3536 1050 3589 est
1068 3545 1096 3603 3·
1123 3537 1194 3589 et
1217 3521 1292 3589 in
1317 3546 1685 3595 summum
1714 3528 2064 3618 perducto
2170 3532 2175 3537 ’

152 3617 430 3693 bonum
455 3632 934 3717 supervacuus
965 3645 1066 3697 est
1090 3613 1484 3753 quiqprosit.
1530 3632 1913 3727 Numquid
1954 3640 2065 3709 in-

150 3742 450 3801 structus
481 3732 824 3805 omnibus
859 3736 1080 3807 rebus
1119 3740 1452 3833 agricola,
1495 3738 1585 3815 ab
1630 3742 1771 3811 alio
1812 3744 2064 3815 instrui

150 3837 420 3928 quaerit
443 3839 478 3909 Ξ*
537 3844 906 3940 numquid
966 3862 1270 3922 armatus
1319 3849 1523 3921 miles
1580 3866 1941 3943 quantum
1985 3855 2061 3925 in
2132 3888 2139 3893 ·
