<?xml version="1.0" encoding="UTF-8"?>
<!DOCTYPE html PUBLIC "-//W3C//DTD XHTML 1.0 Transitional//EN"
    "http://www.w3.org/TR/xhtml1/DTD/xhtml1-transitional.dtd">
<html xmlns="http://www.w3.org/1999/xhtml" xml:lang="en" lang="en">
 <head>
  <title>
</title>
<meta http-equiv="Content-Type" content="text/html;charset=utf-8" />
  <meta name='ocr-system' content='tesseract 3.04.00' />
  <meta name='ocr-capabilities' content='ocr_page ocr_carea ocr_par ocr_line ocrx_word'/>
</head>
<body>
  <div class='ocr_page' id='page_1' title='image "./lannaeisenecaea00bipogoog_0087.png"; bbox 0 0 2759 4825; ppageno 0'>
   <div class='ocr_carea' id='block_1_1' title="bbox 895 145 924 180">
    <p class='ocr_par' dir='ltr' id='par_1_1' title="bbox 895 145 924 180">
     <span class='ocr_line' id='line_1_1' title="bbox 895 145 924 180; baseline 0 0"><span class='ocrx_word' id='word_1_1' title='bbox 895 145 924 180; x_wconf 53' lang='lat' dir='ltr'><strong>ff</strong></span> 
     </span>
    </p>
   </div>
   <div class='ocr_carea' id='block_1_2' title="bbox 506 400 2083 508">
    <p class='ocr_par' dir='ltr' id='par_1_2' title="bbox 506 400 2083 508">
     <span class='ocr_line' id='line_1_2' title="bbox 506 400 2083 508; baseline 0.006 -34"><span class='ocrx_word' id='word_1_2' title='bbox 506 400 1317 478; x_wconf 74' lang='lat' dir='ltr'><strong>EPISTOLA</strong></span> <span class='ocrx_word' id='word_1_3' title='bbox 1391 403 1743 482; x_wconf 80' lang='lat' dir='ltr'>xcvn.</span> <span class='ocrx_word' id='word_1_4' title='bbox 1987 431 2083 508; x_wconf 83' lang='lat'>79</span> 
     </span>
    </p>
   </div>
   <div class='ocr_carea' id='block_1_3' title="bbox 100 560 2085 3515">
    <p class='ocr_par' dir='ltr' id='par_1_3' title="bbox 100 560 2085 3515">
     <span class='ocr_line' id='line_1_3' title="bbox 146 560 2083 664; baseline 0.007 -31"><span class='ocrx_word' id='word_1_5' title='bbox 146 560 378 655; x_wconf 88' lang='lat' dir='ltr'>quod</span> <span class='ocrx_word' id='word_1_6' title='bbox 403 585 580 635; x_wconf 86' lang='lat' dir='ltr'>cum</span> <span class='ocrx_word' id='word_1_7' title='bbox 605 561 904 634; x_wconf 77' lang='lat' dir='ltr'>Caesaris</span> <span class='ocrx_word' id='word_1_8' title='bbox 939 585 1166 636; x_wconf 81' lang='lat' dir='ltr'>uxore</span> <span class='ocrx_word' id='word_1_9' title='bbox 1191 565 1266 636; x_wconf 89' lang='lat' dir='ltr'>in</span> <span class='ocrx_word' id='word_1_10' title='bbox 1304 583 1553 660; x_wconf 81' lang='lat' dir='ltr'>aperto</span> <span class='ocrx_word' id='word_1_11' title='bbox 1600 571 2083 664; x_wconf 80' lang='lat' dir='ltr'>commiserat,</span> 
     </span>
     <span class='ocr_line' id='line_1_4' title="bbox 144 670 2083 775; baseline 0.005 -31"><span class='ocrx_word' id='word_1_12' title='bbox 144 672 442 744; x_wconf 87' lang='lat' dir='ltr'>violatis</span> <span class='ocrx_word' id='word_1_13' title='bbox 486 670 954 770; x_wconf 80' lang='lat' dir='ltr'>religionibus</span> <span class='ocrx_word' id='word_1_14' title='bbox 981 673 1130 744; x_wconf 89' lang='lat' dir='ltr'>eius</span> <span class='ocrx_word' id='word_1_15' title='bbox 1166 674 1469 746; x_wconf 82' lang='lat' dir='ltr'>sacrificii</span> <span class='ocrx_word' id='word_1_16' title='bbox 1488 726 1512 764; x_wconf 92' lang='lat'><strong>,</strong></span> <span class='ocrx_word' id='word_1_17' title='bbox 1558 677 1760 769; x_wconf 88' lang='lat' dir='ltr'>quod</span> <span class='ocrx_word' id='word_1_18' title='bbox 1785 702 1918 772; x_wconf 79' lang='lat' dir='ltr'>pro</span> <span class='ocrx_word' id='word_1_19' title='bbox 1945 706 2083 775; x_wconf 83' lang='lat' dir='ltr'>po·</span> 
     </span>
     <span class='ocr_line' id='line_1_5' title="bbox 144 780 2079 880; baseline 0.007 -30"><span class='ocrx_word' id='word_1_20' title='bbox 144 781 338 874; x_wconf 86' lang='lat' dir='ltr'>pulo</span> <span class='ocrx_word' id='word_1_21' title='bbox 365 781 522 852; x_wconf 86' lang='lat' dir='ltr'>fieri</span> <span class='ocrx_word' id='word_1_22' title='bbox 551 781 848 866; x_wconf 82' lang='lat' dir='ltr'>dicitur,</span> <span class='ocrx_word' id='word_1_23' title='bbox 891 781 987 851; x_wconf 90' lang='lat' dir='ltr'>sic</span> <span class='ocrx_word' id='word_1_24' title='bbox 1016 780 1363 856; x_wconf 75' lang='lat' dir='ltr'>submotis</span> <span class='ocrx_word' id='word_1_25' title='bbox 1390 798 1587 854; x_wconf 82' lang='lat' dir='ltr'>extra</span> <span class='ocrx_word' id='word_1_26' title='bbox 1614 807 2079 880; x_wconf 81' lang='lat' dir='ltr'>conspectum</span> 
     </span>
     <span class='ocr_line' id='line_1_6' title="bbox 147 893 2077 988; baseline 0.006 -26"><span class='ocrx_word' id='word_1_27' title='bbox 147 893 510 966; x_wconf 84' lang='lat' dir='ltr'>omnibus</span> <span class='ocrx_word' id='word_1_28' title='bbox 536 895 741 981; x_wconf 84' lang='lat' dir='ltr'>viris,</span> <span class='ocrx_word' id='word_1_29' title='bbox 781 911 866 966; x_wconf 85' lang='lat' dir='ltr'>ut</span> <span class='ocrx_word' id='word_1_30' title='bbox 901 894 1224 988; x_wconf 82' lang='lat' dir='ltr'>picturae</span> <span class='ocrx_word' id='word_1_31' title='bbox 1261 919 1565 988; x_wconf 89' lang='lat' dir='ltr'>quoque</span> <span class='ocrx_word' id='word_1_32' title='bbox 1603 901 2077 976; x_wconf 78' lang='lat' dir='ltr'>masculorum</span> 
     </span>
     <span class='ocr_line' id='line_1_7' title="bbox 145 1002 2077 1102; baseline 0.006 -30"><span class='ocrx_word' id='word_1_33' title='bbox 145 1002 584 1074; x_wconf 80' lang='lat' dir='ltr'>animalium</span> <span class='ocrx_word' id='word_1_34' title='bbox 643 1019 1114 1102; x_wconf 81' lang='lat' dir='ltr'>contegantur</span> <span class='ocrx_word' id='word_1_35' title='bbox 1137 1005 1170 1073; x_wconf 65' lang='grc' dir='ltr'>Ξ)</span> <span class='ocrx_word' id='word_1_36' title='bbox 1237 1003 1469 1099; x_wconf 87' lang='lat' dir='ltr'>Atqui</span> <span class='ocrx_word' id='word_1_37' title='bbox 1522 1007 1671 1078; x_wconf 86' lang='lat' dir='ltr'>dati</span> <span class='ocrx_word' id='word_1_38' title='bbox 1726 1008 2077 1084; x_wconf 85' lang='lat' dir='ltr'>iudicibus</span> 
     </span>
     <span class='ocr_line' id='line_1_8' title="bbox 147 1112 2079 1210; baseline 0.004 -27"><span class='ocrx_word' id='word_1_39' title='bbox 147 1113 452 1184; x_wconf 85' lang='lat' dir='ltr'>nummi</span> <span class='ocrx_word' id='word_1_40' title='bbox 487 1129 694 1198; x_wconf 79' lang='lat' dir='ltr'>sunt3</span> <span class='ocrx_word' id='word_1_41' title='bbox 733 1130 840 1200; x_wconf 86' lang='lat' dir='ltr'>et,</span> <span class='ocrx_word' id='word_1_42' title='bbox 889 1112 1098 1206; x_wconf 89' lang='lat' dir='ltr'>quod</span> <span class='ocrx_word' id='word_1_43' title='bbox 1145 1113 1276 1184; x_wconf 88' lang='lat' dir='ltr'>hac</span> <span class='ocrx_word' id='word_1_44' title='bbox 1305 1113 1715 1186; x_wconf 82' lang='lat' dir='ltr'>etiamnunc</span> <span class='ocrx_word' id='word_1_45' title='bbox 1746 1117 2079 1210; x_wconf 81' lang='lat' dir='ltr'>pactione</span> 
     </span>
     <span class='ocr_line' id='line_1_9' title="bbox 150 1223 2080 1318; baseline 0.005 -27"><span class='ocrx_word' id='word_1_46' title='bbox 150 1223 442 1316; x_wconf 80' lang='lat' dir='ltr'>turpius</span> <span class='ocrx_word' id='word_1_47' title='bbox 485 1242 632 1310; x_wconf 89' lang='lat' dir='ltr'>est,</span> <span class='ocrx_word' id='word_1_48' title='bbox 667 1239 907 1316; x_wconf 84' lang='lat' dir='ltr'>stupra</span> <span class='ocrx_word' id='word_1_49' title='bbox 943 1223 1230 1318; x_wconf 81' lang='lat' dir='ltr'>insuper</span> <span class='ocrx_word' id='word_1_50' title='bbox 1263 1243 1747 1296; x_wconf 84' lang='lat' dir='ltr'>matronarum</span> <span class='ocrx_word' id='word_1_51' title='bbox 1790 1245 1863 1298; x_wconf 92' lang='lat' dir='ltr'>et</span> <span class='ocrx_word' id='word_1_52' title='bbox 1902 1226 2080 1300; x_wconf 85' lang='lat' dir='ltr'>ado-</span> 
     </span>
     <span class='ocr_line' id='line_1_10' title="bbox 150 1330 2075 1412; baseline 0.002 -12"><span class='ocrx_word' id='word_1_53' title='bbox 150 1332 728 1402; x_wconf 84' lang='lat' dir='ltr'>lescentulorum</span> <span class='ocrx_word' id='word_1_54' title='bbox 749 1332 1108 1403; x_wconf 86' lang='lat' dir='ltr'>nobilium</span> <span class='ocrx_word' id='word_1_55' title='bbox 1137 1330 1401 1402; x_wconf 81' lang='lat' dir='ltr'>stillarii</span> <span class='ocrx_word' id='word_1_56' title='bbox 1433 1334 1597 1402; x_wconf 88' lang='lat' dir='ltr'>loco</span> <span class='ocrx_word' id='word_1_57' title='bbox 1624 1350 1865 1410; x_wconf 81' lang='lat' dir='ltr'>exacta</span> <span class='ocrx_word' id='word_1_58' title='bbox 1886 1355 2075 1412; x_wconf 81' lang='lat' dir='ltr'>sunt.</span> 
     </span>
     <span class='ocr_line' id='line_1_11' title="bbox 154 1431 2075 1540; baseline 0.006 -30"><span class='ocrx_word' id='word_1_59' title='bbox 154 1439 408 1510; x_wconf 84' lang='lat' dir='ltr'>Minus</span> <span class='ocrx_word' id='word_1_60' title='bbox 453 1431 752 1514; x_wconf 84' lang='lat' dir='ltr'>crimine</span> <span class='ocrx_word' id='word_1_61' title='bbox 776 1493 803 1532; x_wconf 88' lang='lat'><strong>,</strong></span> <span class='ocrx_word' id='word_1_62' title='bbox 862 1465 1082 1535; x_wconf 87' lang='lat' dir='ltr'>quam</span> <span class='ocrx_word' id='word_1_63' title='bbox 1133 1442 1583 1514; x_wconf 87' lang='lat' dir='ltr'>absolutione</span> <span class='ocrx_word' id='word_1_64' title='bbox 1610 1493 1633 1533; x_wconf 88' lang='lat'>,</span> <span class='ocrx_word' id='word_1_65' title='bbox 1698 1465 2075 1540; x_wconf 86' lang='lat' dir='ltr'>peccatum</span> 
     </span>
     <span class='ocr_line' id='line_1_12' title="bbox 157 1547 2075 1640; baseline 0.007 -20"><span class='ocrx_word' id='word_1_66' title='bbox 157 1567 284 1620; x_wconf 87' lang='lat' dir='ltr'>est.</span> <span class='ocrx_word' id='word_1_67' title='bbox 325 1547 679 1621; x_wconf 85' lang='lat' dir='ltr'>Adulterii</span> <span class='ocrx_word' id='word_1_68' title='bbox 717 1575 876 1622; x_wconf 87' lang='lat' dir='ltr'>reus</span> <span class='ocrx_word' id='word_1_69' title='bbox 905 1551 1253 1624; x_wconf 84' lang='lat' dir='ltr'>adulteria</span> <span class='ocrx_word' id='word_1_70' title='bbox 1281 1551 1557 1640; x_wconf 84' lang='lat' dir='ltr'>divisit,</span> <span class='ocrx_word' id='word_1_71' title='bbox 1594 1579 1727 1629; x_wconf 87' lang='lat' dir='ltr'>nec</span> <span class='ocrx_word' id='word_1_72' title='bbox 1746 1576 1913 1632; x_wconf 84' lang='lat' dir='ltr'>ante</span> <span class='ocrx_word' id='word_1_73' title='bbox 1936 1559 2075 1633; x_wconf 87' lang='lat' dir='ltr'>fuit</span> 
     </span>
     <span class='ocr_line' id='line_1_13' title="bbox 158 1652 2077 1756; baseline 0.008 -29"><span class='ocrx_word' id='word_1_74' title='bbox 158 1657 252 1729; x_wconf 89' lang='lat' dir='ltr'>de</span> <span class='ocrx_word' id='word_1_75' title='bbox 289 1660 522 1731; x_wconf 90' lang='lat' dir='ltr'>salute</span> <span class='ocrx_word' id='word_1_76' title='bbox 552 1684 876 1751; x_wconf 81' lang='lat' dir='ltr'>securus,</span> <span class='ocrx_word' id='word_1_77' title='bbox 923 1663 1443 1756; x_wconf 81' lang='lat' dir='ltr'>quam-similes</span> <span class='ocrx_word' id='word_1_78' title='bbox 1465 1666 1572 1738; x_wconf 88' lang='lat' dir='ltr'>sui</span> <span class='ocrx_word' id='word_1_79' title='bbox 1618 1666 1885 1740; x_wconf 89' lang='lat' dir='ltr'>iudices</span> <span class='ocrx_word' id='word_1_80' title='bbox 1916 1652 2077 1742; x_wconf 80' lang='lat' dir='ltr'>suos</span> 
     </span>
     <span class='ocr_line' id='line_1_14' title="bbox 159 1771 2075 1874; baseline 0.005 -30"><span class='ocrx_word' id='word_1_81' title='bbox 159 1771 500 1844; x_wconf 87' lang='lat' dir='ltr'>reddidit.</span> <span class='ocrx_word' id='word_1_82' title='bbox 533 1773 732 1846; x_wconf 84' lang='lat' dir='ltr'>Haec</span> <span class='ocrx_word' id='word_1_83' title='bbox 769 1776 845 1844; x_wconf 91' lang='lat' dir='ltr'>in</span> <span class='ocrx_word' id='word_1_84' title='bbox 871 1799 958 1845; x_wconf 89' lang='lat' dir='ltr'>eo</span> <span class='ocrx_word' id='word_1_85' title='bbox 995 1775 1260 1846; x_wconf 89' lang='lat' dir='ltr'>iudicio</span> <span class='ocrx_word' id='word_1_86' title='bbox 1301 1774 1481 1847; x_wconf 84' lang='lat' dir='ltr'>facta</span> <span class='ocrx_word' id='word_1_87' title='bbox 1507 1795 1717 1866; x_wconf 86' lang='lat' dir='ltr'>sunt,</span> <span class='ocrx_word' id='word_1_88' title='bbox 1762 1782 1839 1851; x_wconf 90' lang='lat' dir='ltr'>in</span> <span class='ocrx_word' id='word_1_89' title='bbox 1876 1806 2029 1874; x_wconf 87' lang='lat' dir='ltr'>quo</span> <span class='ocrx_word' id='word_1_90' title='bbox 2052 1831 2075 1871; x_wconf 88' lang='lat'>,</span> 
     </span>
     <span class='ocr_line' id='line_1_15' title="bbox 160 1882 2079 1985; baseline 0.006 -32"><span class='ocrx_word' id='word_1_91' title='bbox 160 1884 214 1953; x_wconf 90' lang='lat' dir='ltr'>si</span> <span class='ocrx_word' id='word_1_92' title='bbox 237 1882 418 1954; x_wconf 84' lang='lat' dir='ltr'>nihil</span> <span class='ocrx_word' id='word_1_93' title='bbox 439 1883 642 1955; x_wconf 84' lang='lat' dir='ltr'>aliud</span> <span class='ocrx_word' id='word_1_94' title='bbox 659 1935 684 1970; x_wconf 88' lang='lat'>,</span> <span class='ocrx_word' id='word_1_95' title='bbox 709 1885 888 1958; x_wconf 86' lang='lat' dir='ltr'>Cato</span> <span class='ocrx_word' id='word_1_96' title='bbox 915 1884 1413 1957; x_wconf 84' lang='lat' dir='ltr'>testimonium</span> <span class='ocrx_word' id='word_1_97' title='bbox 1442 1885 1735 1960; x_wconf 77' lang='lat' dir='ltr'>dixerat.</span> <span class='ocrx_word' id='word_1_98' title='bbox 1768 1889 1919 1984; x_wconf 83' lang='lat' dir='ltr'>Ipsa</span> <span class='ocrx_word' id='word_1_99' title='bbox 1940 1915 2079 1985; x_wconf 90' lang='lat' dir='ltr'>po-</span> 
     </span>
     <span class='ocr_line' id='line_1_16' title="bbox 165 1994 2079 2088; baseline 0.003 -23"><span class='ocrx_word' id='word_1_100' title='bbox 165 2015 344 2066; x_wconf 81' lang='lat' dir='ltr'>nam</span> <span class='ocrx_word' id='word_1_101' title='bbox 372 1995 590 2066; x_wconf 75' lang='lat' dir='ltr'>verba</span> <span class='ocrx_word' id='word_1_102' title='bbox 633 1994 738 2065; x_wconf 82' lang='lat' dir='ltr'>Cr</span> <span class='ocrx_word' id='word_1_103' title='bbox 757 2015 798 2065; x_wconf 87' lang='lat' dir='ltr'>c</span> <span class='ocrx_word' id='word_1_104' title='bbox 815 2015 862 2066; x_wconf 67' lang='grc' dir='ltr'><em>Β</em></span> <span class='ocrx_word' id='word_1_105' title='bbox 879 2015 931 2067; x_wconf 75' lang='lat' dir='ltr'>R</span> <span class='ocrx_word' id='word_1_106' title='bbox 955 2014 1004 2065; x_wconf 93' lang='grc' dir='ltr'>ο</span> <span class='ocrx_word' id='word_1_107' title='bbox 1025 2013 1072 2065; x_wconf 73' lang='grc' dir='ltr'><strong>Ν</strong></span> <span class='ocrx_word' id='word_1_108' title='bbox 1091 2013 1121 2064; x_wconf 82' lang='grc'>1</span> <span class='ocrx_word' id='word_1_109' title='bbox 1145 2011 1182 2064; x_wconf 89' lang='lat' dir='ltr'>s</span> <span class='ocrx_word' id='word_1_110' title='bbox 1198 2044 1222 2081; x_wconf 86' lang='lat'>‚</span> <span class='ocrx_word' id='word_1_111' title='bbox 1245 1994 1427 2088; x_wconf 26' lang='lat' dir='ltr'>‚quia</span> <span class='ocrx_word' id='word_1_112' title='bbox 1462 2019 1570 2066; x_wconf 83' lang='lat' dir='ltr'>res</span> <span class='ocrx_word' id='word_1_113' title='bbox 1610 1994 1833 2068; x_wconf 85' lang='lat' dir='ltr'>fidem</span> <span class='ocrx_word' id='word_1_114' title='bbox 1870 2021 2079 2071; x_wconf 80' lang='lat' dir='ltr'>exce-</span> 
     </span>
     <span class='ocr_line' id='line_1_17' title="bbox 167 2105 2083 2206; baseline 0.004 -30"><span class='ocrx_word' id='word_1_115' title='bbox 167 2105 310 2176; x_wconf 87' lang='lat' dir='ltr'>dit:</span> <span class='ocrx_word' id='word_1_116' title='bbox 353 2106 836 2205; x_wconf 77' lang='lat' dir='ltr'>(Epistularum</span> <span class='ocrx_word' id='word_1_117' title='bbox 865 2107 954 2177; x_wconf 80' lang='lat' dir='ltr'>ad</span> <span class='ocrx_word' id='word_1_118' title='bbox 972 2108 1268 2206; x_wconf 10' lang='lat' dir='ltr'>&#39;Atticum</span> <span class='ocrx_word' id='word_1_119' title='bbox 1295 2106 1457 2178; x_wconf 83' lang='lat' dir='ltr'>libro</span> <span class='ocrx_word' id='word_1_120' title='bbox 1480 2107 1583 2201; x_wconf 88' lang='lat'>1.)</span> <span class='ocrx_word' id='word_1_121' title='bbox 1612 2108 1963 2181; x_wconf 79' lang='lat' dir='ltr'>Arcessivit</span> <span class='ocrx_word' id='word_1_122' title='bbox 1992 2113 2083 2183; x_wconf 80' lang='lat' dir='ltr'>ad</span> 
     </span>
     <span class='ocr_line' id='line_1_18' title="bbox 163 2217 2073 2316; baseline 0.004 -30"><span class='ocrx_word' id='word_1_123' title='bbox 163 2241 251 2292; x_wconf 81' lang='lat' dir='ltr'>se,</span> <span class='ocrx_word' id='word_1_124' title='bbox 281 2219 620 2316; x_wconf 81' lang='lat' dir='ltr'>promisit,</span> <span class='ocrx_word' id='word_1_125' title='bbox 646 2219 1042 2292; x_wconf 68' lang='lat' dir='ltr'>intercessit,</span> <span class='ocrx_word' id='word_1_126' title='bbox 1079 2217 1272 2288; x_wconf 77' lang='lat' dir='ltr'>dedit.</span> <span class='ocrx_word' id='word_1_127' title='bbox 1303 2221 1451 2288; x_wconf 86' lang='lat' dir='ltr'>Iam</span> <span class='ocrx_word' id='word_1_128' title='bbox 1470 2241 1657 2291; x_wconf 80' lang='lat' dir='ltr'>vero,</span> <span class='ocrx_word' id='word_1_129' title='bbox 1684 2242 1721 2286; x_wconf 85' lang='lat'><em>0</em></span> <span class='ocrx_word' id='word_1_130' title='bbox 1752 2219 1875 2290; x_wconf 82' lang='lat' dir='ltr'>Dii</span> <span class='ocrx_word' id='word_1_131' title='bbox 1896 2221 2073 2298; x_wconf 79' lang='lat' dir='ltr'>boni,</span> 
     </span>
     <span class='ocr_line' id='line_1_19' title="bbox 162 2327 2073 2428; baseline -0.005 -30"><span class='ocrx_word' id='word_1_132' title='bbox 162 2353 295 2398; x_wconf 79' lang='lat' dir='ltr'>rem</span> <span class='ocrx_word' id='word_1_133' title='bbox 309 2327 634 2428; x_wconf 81' lang='lat' dir='ltr'>perditam</span> <span class='ocrx_word' id='word_1_134' title='bbox 655 2330 684 2396; x_wconf 87' lang='lat'><em>!</em></span> <span class='ocrx_word' id='word_1_135' title='bbox 709 2330 904 2399; x_wconf 84' lang='lat' dir='ltr'>etiam</span> <span class='ocrx_word' id='word_1_136' title='bbox 945 2344 1158 2398; x_wconf 83' lang='lat' dir='ltr'>noctes</span> <span class='ocrx_word' id='word_1_137' title='bbox 1187 2343 1511 2396; x_wconf 84' lang='lat' dir='ltr'>certarum</span> <span class='ocrx_word' id='word_1_138' title='bbox 1552 2327 1889 2398; x_wconf 76' lang='lat' dir='ltr'>mulierum</span> <span class='ocrx_word' id='word_1_139' title='bbox 1906 2379 1935 2404; x_wconf 79' lang='grc'><em>,</em></span> <span class='ocrx_word' id='word_1_140' title='bbox 1962 2348 2073 2402; x_wconf 78' lang='lat' dir='ltr'>at..</span> 
     </span>
     <span class='ocr_line' id='line_1_20' title="bbox 163 2434 2077 2533; baseline 0.001 -27"><span class='ocrx_word' id='word_1_141' title='bbox 163 2461 281 2533; x_wconf 74' lang='lat' dir='ltr'>que</span> <span class='ocrx_word' id='word_1_142' title='bbox 315 2436 928 2507; x_wconf 82' lang='lat' dir='ltr'>adolescentulorum</span> <span class='ocrx_word' id='word_1_143' title='bbox 973 2436 1278 2505; x_wconf 82' lang='lat' dir='ltr'>nobilium</span> <span class='ocrx_word' id='word_1_144' title='bbox 1331 2434 1867 2511; x_wconf 76' lang='lat' dir='ltr'>introductiones.</span> <span class='ocrx_word' id='word_1_145' title='bbox 1920 2461 2077 2507; x_wconf 85' lang='lat' dir='ltr'>non·</span> 
     </span>
     <span class='ocr_line' id='line_1_21' title="bbox 165 2542 2073 2646; baseline 0.001 -28"><span class='ocrx_word' id='word_1_146' title='bbox 165 2548 358 2618; x_wconf 81' lang='lat' dir='ltr'>nullis</span> <span class='ocrx_word' id='word_1_147' title='bbox 383 2546 702 2618; x_wconf 79' lang='lat' dir='ltr'>iudicibus</span> <span class='ocrx_word' id='word_1_148' title='bbox 719 2570 840 2646; x_wconf 85' lang='lat' dir='ltr'>pro</span> <span class='ocrx_word' id='word_1_149' title='bbox 869 2546 1172 2618; x_wconf 78' lang='lat' dir='ltr'>mercedis</span> <span class='ocrx_word' id='word_1_150' title='bbox 1193 2544 1444 2615; x_wconf 82' lang='lat' dir='ltr'>cumulo</span> <span class='ocrx_word' id='word_1_151' title='bbox 1454 2542 1759 2641; x_wconf 79' lang='lat' dir='ltr'>fuerunt.</span> <span class='ocrx_word' id='word_1_152' title='bbox 1790 2584 1861 2599; x_wconf 90' lang='lat'><em>-</em></span> <span class='ocrx_word' id='word_1_153' title='bbox 1896 2546 2073 2619; x_wconf 88' lang='lat' dir='ltr'>Non</span> 
     </span>
     <span class='ocr_line' id='line_1_22' title="bbox 163 2654 2075 2753; baseline -0.002 -22"><span class='ocrx_word' id='word_1_154' title='bbox 163 2676 362 2731; x_wconf 85' lang='lat' dir='ltr'>vacat</span> <span class='ocrx_word' id='word_1_155' title='bbox 385 2659 480 2729; x_wconf 86' lang='lat' dir='ltr'>de</span> <span class='ocrx_word' id='word_1_156' title='bbox 503 2659 738 2753; x_wconf 84' lang='lat' dir='ltr'>pretio</span> <span class='ocrx_word' id='word_1_157' title='bbox 774 2656 980 2750; x_wconf 83' lang='lat' dir='ltr'>queri</span> <span class='ocrx_word' id='word_1_158' title='bbox 998 2704 1024 2744; x_wconf 81' lang='lat'>,</span> <span class='ocrx_word' id='word_1_159' title='bbox 1071 2658 1231 2749; x_wconf 82' lang='lat' dir='ltr'>plus</span> <span class='ocrx_word' id='word_1_160' title='bbox 1259 2655 1334 2725; x_wconf 89' lang='lat' dir='ltr'>in</span> <span class='ocrx_word' id='word_1_161' title='bbox 1356 2654 1871 2727; x_wconf 80' lang='lat' dir='ltr'>accessionibus</span> <span class='ocrx_word' id='word_1_162' title='bbox 1915 2655 2075 2735; x_wconf 77' lang='lat' dir='ltr'>fuit.</span> 
     </span>
     <span class='ocr_line' id='line_1_23' title="bbox 165 2758 2072 2839; baseline -0.001 0"><span class='ocrx_word' id='word_1_163' title='bbox 165 2764 288 2839; x_wconf 89' lang='lat' dir='ltr'>Vis</span> <span class='ocrx_word' id='word_1_164' title='bbox 308 2768 532 2839; x_wconf 81' lang='lat' dir='ltr'>severi</span> <span class='ocrx_word' id='word_1_165' title='bbox 555 2765 740 2835; x_wconf 84' lang='lat' dir='ltr'>illius</span> <span class='ocrx_word' id='word_1_166' title='bbox 764 2788 1064 2835; x_wconf 84' lang='lat' dir='ltr'>uxorem</span> <span class='ocrx_word' id='word_1_167' title='bbox 1085 2762 1120 2832; x_wconf 70' lang='lat' dir='ltr'>i&gt;</span> <span class='ocrx_word' id='word_1_168' title='bbox 1148 2758 1336 2832; x_wconf 88' lang='lat' dir='ltr'>dabo</span> <span class='ocrx_word' id='word_1_169' title='bbox 1367 2763 1582 2833; x_wconf 88' lang='lat' dir='ltr'>illam.</span> <span class='ocrx_word' id='word_1_170' title='bbox 1623 2762 1749 2834; x_wconf 91' lang='lat' dir='ltr'>Vis</span> <span class='ocrx_word' id='word_1_171' title='bbox 1780 2764 2072 2837; x_wconf 83' lang='lat' dir='ltr'>divitis?</span> 
     </span>
     <span class='ocr_line' id='line_1_24' title="bbox 162 2868 2078 2968; baseline -0.001 -23"><span class='ocrx_word' id='word_1_172' title='bbox 162 2874 379 2948; x_wconf 80' lang='lat' dir='ltr'>huius</span> <span class='ocrx_word' id='word_1_173' title='bbox 409 2900 712 2968; x_wconf 89' lang='lat' dir='ltr'>quoque</span> <span class='ocrx_word' id='word_1_174' title='bbox 737 2874 870 2944; x_wconf 87' lang='lat' dir='ltr'>tibi</span> <span class='ocrx_word' id='word_1_175' title='bbox 899 2872 1268 2967; x_wconf 81' lang='lat' dir='ltr'>praestabo</span> <span class='ocrx_word' id='word_1_176' title='bbox 1306 2868 1797 2942; x_wconf 87' lang='lat' dir='ltr'>concubitum.</span> <span class='ocrx_word' id='word_1_177' title='bbox 1846 2871 2078 2943; x_wconf 76' lang='lat' dir='ltr'>Adul-</span> 
     </span>
     <span class='ocr_line' id='line_1_25' title="bbox 100 2979 2073 3074; baseline 0.001 -21"><span class='ocrx_word' id='word_1_178' title='bbox 100 3050 120 3063; x_wconf 84' lang='lat'>‚</span> <span class='ocrx_word' id='word_1_179' title='bbox 162 2984 429 3055; x_wconf 81' lang='lat' dir='ltr'>terium</span> <span class='ocrx_word' id='word_1_180' title='bbox 467 2985 596 3053; x_wconf 86' lang='lat' dir='ltr'>nisi</span> <span class='ocrx_word' id='word_1_181' title='bbox 639 2982 916 3069; x_wconf 82' lang='lat' dir='ltr'>feceris,</span> <span class='ocrx_word' id='word_1_182' title='bbox 965 2982 1246 3052; x_wconf 80' lang='lat' dir='ltr'>damna.</span> <span class='ocrx_word' id='word_1_183' title='bbox 1295 2980 1421 3051; x_wconf 88' lang='lat' dir='ltr'>Illa</span> <span class='ocrx_word' id='word_1_184' title='bbox 1468 2979 1815 3066; x_wconf 81' lang='lat' dir='ltr'>formosa,</span> <span class='ocrx_word' id='word_1_185' title='bbox 1850 3004 2073 3074; x_wconf 86' lang='lat' dir='ltr'>quam</span> 
     </span>
     <span class='ocr_line' id='line_1_26' title="bbox 162 3091 2085 3185; baseline 0 -21"><span class='ocrx_word' id='word_1_186' title='bbox 162 3093 554 3181; x_wconf 82' lang='lat' dir='ltr'>desideras,</span> <span class='ocrx_word' id='word_1_187' title='bbox 597 3094 904 3179; x_wconf 81' lang='lat' dir='ltr'>veniet3.</span> <span class='ocrx_word' id='word_1_188' title='bbox 927 3092 1113 3163; x_wconf 85' lang='lat' dir='ltr'>illius</span> <span class='ocrx_word' id='word_1_189' title='bbox 1153 3091 1288 3163; x_wconf 89' lang='lat' dir='ltr'>tibi</span> <span class='ocrx_word' id='word_1_190' title='bbox 1337 3108 1627 3164; x_wconf 87' lang='lat' dir='ltr'>noctem</span> <span class='ocrx_word' id='word_1_191' title='bbox 1671 3094 2085 3185; x_wconf 86' lang='lat' dir='ltr'>promitto,-</span> 
     </span>
     <span class='ocr_line' id='line_1_27' title="bbox 159 3198 2073 3293; baseline -0.007 -18"><span class='ocrx_word' id='word_1_192' title='bbox 159 3226 300 3275; x_wconf 89' lang='lat' dir='ltr'>nec</span> <span class='ocrx_word' id='word_1_193' title='bbox 321 3201 610 3275; x_wconf 82' lang='lat' dir='ltr'>differo:</span> <span class='ocrx_word' id='word_1_194' title='bbox 644 3202 822 3273; x_wconf 84' lang='lat' dir='ltr'>intra</span> <span class='ocrx_word' id='word_1_195' title='bbox 849 3198 1679 3293; x_wconf 81' lang='lat' dir='ltr'>comperendinationem</span> <span class='ocrx_word' id='word_1_196' title='bbox 1715 3199 1887 3269; x_wconf 89' lang='lat' dir='ltr'>fides</span> <span class='ocrx_word' id='word_1_197' title='bbox 1906 3223 2073 3293; x_wconf 84' lang='lat' dir='ltr'>pro.</span> 
     </span>
     <span class='ocr_line' id='line_1_28' title="bbox 158 3307 2069 3397; baseline -0.002 -14"><span class='ocrx_word' id='word_1_198' title='bbox 158 3312 354 3383; x_wconf 84' lang='lat' dir='ltr'>missi</span> <span class='ocrx_word' id='word_1_199' title='bbox 374 3312 512 3381; x_wconf 88' lang='lat' dir='ltr'>mei</span> <span class='ocrx_word' id='word_1_200' title='bbox 539 3311 858 3383; x_wconf 83' lang='lat' dir='ltr'>exstabit.</span> <span class='ocrx_word' id='word_1_201' title='bbox 888 3311 1190 3383; x_wconf 83' lang='lat' dir='ltr'>Plus·est</span> <span class='ocrx_word' id='word_1_202' title='bbox 1220 3307 1645 3378; x_wconf 83' lang='lat' dir='ltr'>distribuere</span> <span class='ocrx_word' id='word_1_203' title='bbox 1686 3308 2069 3397; x_wconf 84' lang='lat' dir='ltr'>adulteria,</span> 
     </span>
     <span class='ocr_line' id='line_1_29' title="bbox 158 3416 2071 3515; baseline -0.003 -23"><span class='ocrx_word' id='word_1_204' title='bbox 158 3432 380 3515; x_wconf 79' lang='lat' dir='ltr'>quam</span> <span class='ocrx_word' id='word_1_205' title='bbox 403 3419 664 3493; x_wconf 81' lang='lat' dir='ltr'>facere:</span> <span class='ocrx_word' id='word_1_206' title='bbox 691 3418 874 3491; x_wconf 90' lang='lat' dir='ltr'>illud</span> <span class='ocrx_word' id='word_1_207' title='bbox 902 3439 1005 3491; x_wconf 83' lang='lat' dir='ltr'>est</span> <span class='ocrx_word' id='word_1_208' title='bbox 1029 3469 1052 3506; x_wconf 91' lang='lat'>,</span> <span class='ocrx_word' id='word_1_209' title='bbox 1079 3418 1424 3490; x_wconf 85' lang='lat' dir='ltr'>matribus</span> <span class='ocrx_word' id='word_1_210' title='bbox 1452 3416 1756 3489; x_wconf 84' lang='lat' dir='ltr'>familiae</span> <span class='ocrx_word' id='word_1_211' title='bbox 1784 3418 2071 3489; x_wconf 87' lang='lat' dir='ltr'>denun-</span> 
     </span>
    </p>
   </div>
   <div class='ocr_carea' id='block_1_4' title="bbox 29 3520 2069 3617">
    <p class='ocr_par' dir='ltr' id='par_1_4' title="bbox 29 3520 2069 3617">
     <span class='ocr_line' id='line_1_30' title="bbox 29 3520 2069 3617; baseline -0.004 -15"><span class='ocrx_word' id='word_1_212' title='bbox 29 3520 36 3529; x_wconf 66' lang='grc'><strong>’</strong></span> <span class='ocrx_word' id='word_1_213' title='bbox 155 3531 364 3617; x_wconf 79' lang='lat' dir='ltr'>tiare3</span> <span class='ocrx_word' id='word_1_214' title='bbox 395 3531 532 3601; x_wconf 89' lang='lat' dir='ltr'>hoc</span> <span class='ocrx_word' id='word_1_215' title='bbox 551 3581 576 3617; x_wconf 89' lang='lat'>‚</span> <span class='ocrx_word' id='word_1_216' title='bbox 601 3531 948 3603; x_wconf 87' lang='lat' dir='ltr'>inludere.</span> <span class='ocrx_word' id='word_1_217' title='bbox 989 3529 1086 3599; x_wconf 88' lang='lat' dir='ltr'>Hi</span> <span class='ocrx_word' id='word_1_218' title='bbox 1110 3527 1376 3599; x_wconf 85' lang='lat' dir='ltr'>iudices</span> <span class='ocrx_word' id='word_1_219' title='bbox 1406 3526 1736 3599; x_wconf 84' lang='lat' dir='ltr'>Clodiani</span> <span class='ocrx_word' id='word_1_220' title='bbox 1760 3552 1799 3597; x_wconf 87' lang='lat' dir='ltr'>a</span> <span class='ocrx_word' id='word_1_221' title='bbox 1821 3540 2069 3604; x_wconf 77' lang='lat' dir='ltr'>senatu</span> 
     </span>
    </p>
   </div>
   <div class='ocr_carea' id='block_1_5' title="bbox 153 3634 2073 3967">
    <p class='ocr_par' dir='ltr' id='par_1_5' title="bbox 153 3634 2073 3967">
     <span class='ocr_line' id='line_1_31' title="bbox 155 3634 2073 3735; baseline -0.005 -24"><span class='ocrx_word' id='word_1_222' title='bbox 155 3640 510 3734; x_wconf 86' lang='lat' dir='ltr'>petierant</span> <span class='ocrx_word' id='word_1_223' title='bbox 533 3640 1000 3735; x_wconf 83' lang='lat' dir='ltr'>praesidium,</span> <span class='ocrx_word' id='word_1_224' title='bbox 1029 3637 1236 3732; x_wconf 87' lang='lat' dir='ltr'>quod</span> <span class='ocrx_word' id='word_1_225' title='bbox 1249 3662 1399 3709; x_wconf 89' lang='lat' dir='ltr'>non</span> <span class='ocrx_word' id='word_1_226' title='bbox 1421 3654 1598 3725; x_wconf 86' lang='lat' dir='ltr'>erat,</span> <span class='ocrx_word' id='word_1_227' title='bbox 1628 3635 1759 3735; x_wconf 86' lang='lat' dir='ltr'>nisi</span> <span class='ocrx_word' id='word_1_228' title='bbox 1781 3634 2073 3705; x_wconf 84' lang='lat' dir='ltr'>damna·</span> 
     </span>
     <span class='ocr_line' id='line_1_32' title="bbox 155 3743 2071 3841; baseline -0.004 -20"><span class='ocrx_word' id='word_1_229' title='bbox 155 3750 368 3837; x_wconf 83' lang='lat' dir='ltr'>turis,</span> <span class='ocrx_word' id='word_1_230' title='bbox 389 3749 904 3837; x_wconf 54' lang='lat' dir='ltr'>necessarium}</span> <span class='ocrx_word' id='word_1_231' title='bbox 935 3765 1012 3821; x_wconf 86' lang='lat' dir='ltr'>et</span> <span class='ocrx_word' id='word_1_232' title='bbox 1034 3750 1599 3841; x_wconf 81' lang='lat' dir='ltr'>impetraverant.</span> <span class='ocrx_word' id='word_1_233' title='bbox 1647 3744 1897 3835; x_wconf 88' lang='lat' dir='ltr'>ltaque</span> <span class='ocrx_word' id='word_1_234' title='bbox 1925 3743 2071 3814; x_wconf 85' lang='lat' dir='ltr'>ele·</span> 
     </span>
     <span class='ocr_line' id='line_1_33' title="bbox 153 3849 2070 3967; baseline -0.005 -37"><span class='ocrx_word' id='word_1_235' title='bbox 153 3871 398 3958; x_wconf 82' lang='lat' dir='ltr'>gauter</span> <span class='ocrx_word' id='word_1_236' title='bbox 427 3857 568 3931; x_wconf 75' lang='lat' dir='ltr'>iuis</span> <span class='ocrx_word' id='word_1_237' title='bbox 609 3856 946 3951; x_wconf 68' lang='lat' dir='ltr'>Catulus,</span> <span class='ocrx_word' id='word_1_238' title='bbox 985 3856 1316 3933; x_wconf 79' lang='lat' dir='ltr'>absoluto</span> <span class='ocrx_word' id='word_1_239' title='bbox 1341 3877 1505 3929; x_wconf 78' lang='lat' dir='ltr'>reo:</span> <span class='ocrx_word' id='word_1_240' title='bbox 1552 3850 1741 3967; x_wconf 63' lang='lat' dir='ltr'>Quid</span> <span class='ocrx_word' id='word_1_241' title='bbox 1766 3874 1911 3929; x_wconf 73' lang='lat' dir='ltr'>vos.</span> <span class='ocrx_word' id='word_1_242' title='bbox 1955 3849 2070 3923; x_wconf 85' lang='lat' dir='ltr'>in-</span> 
     </span>
    </p>
   </div>
  </div>
 </body>
</html>
