2759 4825
643 412 786 486 194
1023 384 1104 457 L.
1155 383 1619 458 ANNAEr
1666 383 2189 460 SENECAE

637 565 946 619 naturam
973 545 1152 627 fuit3
1184 547 1324 618 hoc
1364 545 1441 617 in
1484 547 1691 618 aliam
1729 551 2242 642 proprietatem
2288 523 2583 648 magfiiss

635 657 821 731 tudo
844 681 968 728 sua
987 655 1380 745 transtulit,
1410 671 1484 728 et
1512 658 1739 729 bonum
1762 654 1959 728 fecit..
1980 658 2181 730 Vale'.

1063 845 1730 921 EPISTOLA
1806 845 2125 920 CXIX.

634 980 857 1043 Divitias
873 1002 904 1038 a
919 982 1068 1039 nobis
1085 975 1193 1054 peti
1217 1001 1371 1055 posse
1384 1023 1403 1049 ,
1419 997 1475 1038 et
1490 983 1683 1054 accipi,
1704 985 1779 1038 nil·
1801 999 2176 1056 supervacuum}
2195 983 2441 1052 petendo.
2478 983 2572 1034 Εἰ-

763 1084 880 1120 nem
897 1065 1126 1119 omnium
1141 1083 1307 1118 terum
1323 1065 1653 1134 spectandum
1668 1102 1685 1128 ,
1704 1066 1794 1133 qui
1812 1064 2053 1116 Naturam
2074 1080 2178 1116 non
2190 1063 2417 1117 excedit.
2436 1063 2575 1114 Satis

759 1163 822 1200 ea
839 1147 1024 1200 habere
1035 1183 1052 1209 ,
1069 1162 1176 1198 non
1199 1147 1413 1198 multum
1429 1183 1445 1209 ,
1463 1144 1682 1213 quaerit.
1707 1143 1952 1198 Ostendit
1970 1140 2147 1196 deinde
2164 1142 2355 1214 divites
2372 1145 2539 1212 vulgo
2550 1180 2566 1206 ,

761 1241 941 1280 omnes
955 1241 1203 1296 pauperes
1221 1243 1354 1280 esse.
1382 1225 1597 1278 Pulchra
1609 1263 1627 1290 ,
1645 1237 1701 1278 et
1718 1225 1897 1294 (Deus
1914 1223 2113 1293 bonci)
2130 1239 2255 1276 vera
2267 1235 2417 1276 sunt.

1014 1371 1360 1446 SENECA
1406 1367 1661 1442 Lucilio
1702 1396 1814 1442 suo
1854 1371 2165 1444 Salutem.

625 1475 1124 1642 QUOTIENS
1155 1533 1433 1629 aliquid
1472 1535 1766 1625 inveni,
1810 1560 1959 1608 non
2004 1551 2383 1630 exspect0‚
2428 1533 2567 1606 do·

622 1665 760 1714 nec
785 1643 1008 1716 dicasz
1051 1648 1120 1717 in
1164 1648 1537 1716 commune!
1566 1687 1636 1698 --
1686 1645 1837 1738 ipse
1880 1644 2057 1715 mihi
2106 1645 2295 1717 dico.
2346 1643 2573 1750 Quid·

622 1753 755 1841 sit,
796 1753 1004 1847 quod
1029 1753 1429 1825 invenerim
1452 1805 1475 1842 ,
1526 1753 1855 1847 quaeris?
1896 1751 2137 1824 sinum
2170 1753 2371 1840 laxa,
2409 1777 2564 1822 me-

621 1886 784 1934 rum
822 1865 1108 1936 lucrum
1160 1863 1302 1934 est!
1359 1861 1667 1932 Docebo
1692 1913 1715 1950 ,
1752 1859 2137 1955 quomodo
2175 1861 2327 1934 fieri
2355 1859 2558 1931 dives
2676 1916 2679 1925 .

619 1971 988 2044 celerrime
1032 1972 1287 2068 possis3
1333 1972 1551 2092 quod·
1586 1971 1795 2044 valde
1836 1973 2038 2066 cupis
2076 1970 2365 2059 audire,
2418 1959 2557 2042 nec

618 2080 1005 2152 inmeritos
1031 2079 1141 2150 ad
1189 2079 1534 2151 maximas
1578 2097 1652 2152 te
1690 2079 1971 2152 divitias
2016 2079 2557 2176 compendiaria

619 2189 911 2262 ducam.
957 2191 1180 2287 Opus
1195 2191 1326 2262 erit
1351 2207 1595 2263 tamen
1620 2192 1756 2264 tibi
1784 2191 2175 2301 creditore3
2216 2209 2301 2265 ut
2330 2216 2555 2292 nego·

615 2301 773 2374 tiari
807 2304 1058 2397 possis,
1093 2328 1205 2374 aes
1249 2302 1581 2374 alienum
1595 2301 1797 2376 facias
1842 2321 2169 2398 oportet:
2214 2303 2341 2375 sed
2370 2305 2553 2379 nolo

614 2438 746 2508 per
770 2415 1301 2487 intercessorem
1327 2416 1711 2503 mutirem,
1751 2417 1928 2487 nolo
1954 2430 2397 2511 proxenetae
2420 2439 2551 2485 no-

615 2551 790 2599 men
829 2545 1045 2599 tuum
1091 2527 1374 2599 iactent.
1423 2529 1755 2601 Paratum
1793 2528 1929 2601 tibi
1962 2528 2393 2603 creditorem
2422 2528 2553 2599 da-

617 2638 748 2728 bo,
773 2638 1249 2711 Catonianum
1275 2641 1519 2713 illum:
1551 2645 1611 2714 A
1638 2660 1700 2713 te
1721 2637 2018 2713 mutuum
2036 2666 2267 2713 sumes.
2291 2643 2551 2747 Quan-

615 2751 1184 2843 tulumcumque
1213 2764 1317 2833 est
1338 2800 1361 2839 ,
1386 2751 1543 2821 satis
1570 2751 1737 2841 erit,
1764 2753 1853 2840 si,
1881 2752 2249 2845 quidquid
2276 2752 2545 2840 deerit,

611 2858 690 2930 id
709 2884 752 2929 a
775 2858 984 2931 nobis
1011 2846 1445 2953 petierimus.
1496 2860 1697 2931 Nihil
1730 2861 1923 2932 enim
1946 2913 1967 2949 ‚
1998 2860 2107 2932 mi
2130 2861 2397 2951 Lucili,
2434 2862 2549 2939 iri-e

609 2985 823 3041 terest
844 3021 867 3060 ,
895 2974 1142 3045 utrurr'r
1171 2998 1322 3045 non
1357 2971 1746 3061 desideres,
1792 2996 1883 3042 an
1908 2972 2190 3045 habeas.
2243 2970 2545 3044 Summa

607 3078 710 3151 rei
733 3078 812 3149 in
838 3098 1154 3210 utroque
1183 3101 1287 3154 est
1328 3082 1616 3167 eadem3
1667 3106 1825 3172 non
1866 3085 2339 3177 torqueberis.
2379 3084 2545 3157 Nec

605 3190 793 3263 illud
819 3193 1213 3287 praecipio,
1246 3209 1330 3267 ut
1355 3193 1636 3320 aliquid
1669 3210 1960 3265 naturae
1990 3218 2241 3293 neges3
2283 3206 2545 3267 contu-

535 3336 538 3342 ·
603 3324 778 3377 max
801 3300 943 3404 est,
988 3326 1140 3375 non
1165 3320 1405 3401 potest
1428 3304 1665 3392 vinci,
1702 3328 1917 3377 suum
1943 3308 2210 3401 poscit:
2262 3306 2427 3398 sed,
2458 3325 2544 3380 ut

605 3393 974 3507 quidquid
1011 3430 1337 3489 naturam
1365 3415 1692 3505 excedit,
1736 3418 1901 3489 scias
1926 3421 2328 3512 precarium
2370 3444 2540 3508 esse,

599 3542 754 3593 non
798 3522 1283 3596 necessarium.
1335 3524 1623 3612 Esuri03
1683 3526 2057 3599 edendum
2100 3545 2239 3601 est=
2283 3547 2537 3602 utrum

597 3628 719 3702 hic
746 3633 946 3725 panis
977 3634 1064 3706 sit
1085 3634 1448 3729 plebeius,
1488 3660 1582 3709 an
1610 3634 1966 3735 siligineus
1986 3678 2019 3725 ‚·
2060 3637 2154 3708 ad
2198 3656 2535 3714 naturam

517 3742 522 3745 ’
599 3738 782 3810 nihil
819 3745 1156 3837 pertinet.
1203 3746 1329 3817 Illa
1371 3766 1702 3823 ventrem
1753 3774 1907 3823 non
1960 3750 2295 3821 delectari
2328 3752 2533 3841 vult,
2617 3823 2625 3834 ,

591 3850 722 3930 ¹ted
743 3852 1048 3951 impleri,
1087 3857 1269 3937 Sitio
1283 3888 1308 3954 3
1346 3880 1595 3941 utrum
1628 3866 1803 3938 haec
1827 3890 2017 3962 aqua
2038 3864 2160 3958 sit,
2188 3890 2413 3965 quam
2442 3892 2555 3966 ex?
