2759 4825
641 421 782 490 ²²4
1021 394 1100 468 L.
1153 390 1599 468 ANNAEI
1644 389 2167 466 SENECAE

633 560 940 649 lunaque
981 553 1414 652 dignoscere.
1472 547 1683 622 Vides
1724 550 1801 622 in
1840 566 2105 642 quanta
2155 547 2561 646 ignorantia

633 669 942 744 veritatis
961 684 1309 754 versetur,
1325 674 1413 736 'et
1440 687 1661 756 quam
1682 662 1890 734 humi
1907 661 2235 732 sublim—ia
2258 684 2341 732 ac
2363 659 2561 732 divi..

633 809 724 858 na
749 780 1123 878 proiecerit
1139 829 1166 867 ,
1187 777 1385 873 apud
1412 801 1637 871 quern
1668 775 1767 846 de
1789 777 2077 848 su'mmo
2101 774 2301 847 bono
2326 774 2561 848 malo·

633 923 783 994 que
808 895 1078 968 iudicat
1109 906 1356 964 tactus.

727 995 1374 1124 Quemadmodum
1402 1063 1428 1100 ,
1452 1011 1727 1105 inquit,
1756 1010 1989 1084 omnis
2012 1009 2299 1084 scientia
2324 1026 2557 1104 atque

631 1155 735 1204 ars
757 1127 1031 1220 aliquid
1069 1119 1300 1196 debet
1333 1123 1597 1196 habere
1638 1122 2131 1212 manifestum,
2183 1145 2552 1217 sensuque

629 1239 1231 1333 conprehensum,
1257 1257 1349 1305 ex
1377 1257 1531 1328 quo
1554 1235 1821 1307 oriatur
1844 1249 1917 1308 et
1935 1251 2227 1319 crescat3
2255 1235 2357 1307 ric
2377 1235 2557 1306 bea·

627 1373 702 1427 ta
729 1355 871 1424 vita
914 1349 1471 1442 fundamentum
1516 1367 1588 1420 et
1612 1348 1899 1421 initium
1926 1375 1966 1420 a
1990 1348 2375 1420 manifestis
2412 1347 2550 1418 du·

627 1468 765 1555 cit,
806 1482 879 1536 et
909 1462 1004 1534 ab
1051 1484 1140 1532 eo
1185 1459 1391 1554 quod
1420 1462 1553 1532 sub
1596 1485 1881 1534 sensum
1922 1461 2127 1535 cadit.
2178 1461 2365 1533 Nam
2402 1457 2547 1559 [et]

625 1604 756 1652 vos
788 1603 828 1648 a
857 1573 1240 1647 manifestis
1265 1573 1546 1644 beatam
1573 1575 1792 1646 vitam
1834 1572 2118 1645 initium
2156 1572 2265 1644 sui
2290 1593 2552 1666 capere

626 1684 879 1764 dicitis.
907 1725 980 1740 -·-
1004 1685 1328 1756 Dicimus
1350 1683 1553 1754 beata
1581 1709 1722 1757 esse
1741 1737 1761 1773 ,
1786 1678 1971 1778 qua¹e
1996 1683 2397 1761 secundum
2418 1703 2549 1754 na-

622 1819 856 1877 turam
883 1817 1085 1872 sunt:
1121 1795 1306 1892 quid
1340 1815 1582 1869 autem
1609 1799 2003 1872 secundum
2039 1814 2370 1869 naturam
2408 1795 2547 1884 sit,

622 1919 858 2014 palam
906 1932 979 1987 et
1015 1913 1338 2007 protinus
1384 1912 1714 2006 adparet,
1760 1914 1978 2001 sicut,
2018 1911 2197 2008 quid
2238 1912 2324 1982 sit
2360 1909 2551 1979 inte-

621 2051 852 2128 grum.
893 2021 1080 2112 Sed,
1112 2021 1316 2118 quod
1349 2025 1755 2097 secundum
1787 2045 2107 2098 naturam
2139 2041 2239 2096 est
2267 2075 2290 2111 ,
2332 2017 2547 2115 quod

621 2137 922 2236 contigit
945 2136 1270 2232 protinus
1299 2154 1505 2226 nato,
1537 2163 1688 2210 non
1716 2137 1877 2212 dice
1906 2139 2189 2212 bonum
2209 2192 2227 2220 ,
2256 2134 2384 2236 sed
2410 2131 2547 2204 ini·

617 2251 805 2323 tium
845 2250 1044 2322 boni.
1095 2247 1217 2320 Tu
1255 2274 1630 2322 summum
1669 2251 1949 2327 bonum
1978 2305 2001 2340 ,
2040 2251 2491 2346 voluptatem
2514 2294 2543 2334 ,

616 2361 953 2438 infantiae
1001 2363 1261 2450 donas3
1318 2378 1402 2435 ut
1449 2363 1620 2437 inde
1660 2363 1953 2461 incipiat
1995 2389 2322 2453 nascens,
2384 2385 2542 2457 quo

616 2492 1155 2549 consummatus
1193 2474 1418 2546 horno
1464 2478 1804 2570 pervenit.
1868 2478 2233 2550 Cacumen
2287 2474 2539 2547 radicis

613 2592 780 2664 loco
805 2588 1033 2683 ponis.
1067 2585 1329 2681 Siquis
1357 2586 1623 2662 diceret
1640 2642 1663 2679 ,
1692 2590 2000 2663 illumin
2024 2608 2348 2661 materno
2376 2608 2539 2661 ute-

609 2723 695 2775 ιο
718 2702 1060 2772 latentem
1084 2722 1343 2809 ,sexua
1369 2725 1673 2795 quoque
1716 2696 2005 2789 incerti,
2043 2718 2419 2789 tenerum,
2464 2715 2539 2774 et
2624 2759 2627 2763 ι
2741 2700 2742 2708 '

611 2809 1086 2909 inperfectum
1110 2857 1134 2897 ,
1181 2827 1254 2881 et
1299 2810 1725 2899 informem,
1767 2813 1907 2884 iam
1946 2814 2018 2882 in
2054 2815 2301 2909 aliquo
2329 2816 2537 2886 bono

614 2945 793 3006 esse5
839 2934 1081 3013 aperte
1125 2918 1491 2993 videretur
1526 2946 1766 2995 errare.
1817 2922 2043 3017 Atqui
2088 2926 2533 3019 quantulum

611 3027 901 3098 interest
926 3024 1114 3097 inter
1135 3050 1305 3099 eum
1323 3080 1343 3114 ,
1371 3028 1503 3122 qui
1532 3053 1761 3122 quum
1784 3033 2095 3103 maxime
2119 3032 2332 3107 vitam
2350 3032 2537 3104 acci-

607 3139 764 3235 pit,
805 3154 878 3211 et
907 3137 1164 3226 illum,
1207 3139 1336 3233 qui
1367 3156 1871 3215 maternorum
1916 3145 2264 3217 viscerum
2304 3146 2535 3219 latens

505 3305 512 3315 .
608 3272 794 3323 onus
823 3248 973 3321 est?
1002 3247 1365 3343 Uterque,
1396 3270 1751 3343 quantum
1781 3254 1874 3328 ad
1904 3255 2351 3329 intellectum
2392 3257 2531 3329 bo-

610 3366 794 3435 niae
817 3361 1018 3451 mali,
1056 3386 1285 3459 aeque
1325 3360 1644 3438 maturus
1667 3356 1822 3457 'est3
1869 3386 1941 3441 et
1978 3394 2129 3441 non
2156 3371 2376 3468 magis
2417 3373 2533 3445 in·

608 3473 760 3545 fans
783 3472 1016 3546 adhuc
1043 3474 1220 3547 boni
1249 3500 1469 3569 capax
1492 3493 1637 3567 est,
1678 3504 1899 3573 quam
1924 3486 2132 3555 arbor
2150 3534 2172 3573 ,
2204 3501 2331 3557 aut
2366 3510 2531 3557 mu·

607 3601 770 3655 tum
794 3584 1091 3678 aliquod
1115 3587 1395 3659 animal.
1450 3591 1693 3696 Quare
1722 3610 1965 3667 autem
1994 3596 2281 3671 bonum
2298 3599 2401 3669 in
2422 3620 2533 3669 ar·

607 3692 786 3765 bore
821 3696 1253 3791 animalique
1301 3712 1510 3802 rnuto
1544 3726 1699 3781 non
1745 3706 1894 3778 est?
1926 3708 2098 3801 quia
2140 3732 2274 3781 nec
2302 3707 2529 3781 ratio.
2592 3774 2601 3777 .

608 3799 738 3873 Ob
779 3803 920 3877 hoc
953 3803 1032 3879 in
1062 3806 1328 3883 infante
1357 3836 1661 3911 quoque
1682 3840 1838 3891 non
1873 3835 2013 3909 θεῖς
2054 3843 2225 3893 nam
2250 3818 2531 3897 ethuic
