<?xml version="1.0" encoding="UTF-8"?>
<!DOCTYPE html PUBLIC "-//W3C//DTD XHTML 1.0 Transitional//EN"
    "http://www.w3.org/TR/xhtml1/DTD/xhtml1-transitional.dtd">
<html xmlns="http://www.w3.org/1999/xhtml" xml:lang="en" lang="en">
 <head>
  <title>
</title>
<meta http-equiv="Content-Type" content="text/html;charset=utf-8" />
  <meta name='ocr-system' content='tesseract 3.04.00' />
  <meta name='ocr-capabilities' content='ocr_page ocr_carea ocr_par ocr_line ocrx_word'/>
</head>
<body>
  <div class='ocr_page' id='page_1' title='image "./lannaeisenecaea00bipogoog_0127.png"; bbox 0 0 2759 4825; ppageno 0'>
   <div class='ocr_carea' id='block_1_1' title="bbox 657 307 2165 490">
    <p class='ocr_par' dir='ltr' id='par_1_1' title="bbox 657 307 2165 490">
     <span class='ocr_line' id='line_1_1' title="bbox 657 307 2165 490; baseline 0.006 -48"><span class='ocrx_word' id='word_1_1' title='bbox 657 307 1763 490; x_wconf 31' lang='lat' dir='ltr'><strong>E.PIST‘0L&#39;A³CIV.</strong></span> <span class='ocrx_word' id='word_1_2' title='bbox 1908 396 2165 480; x_wconf 45' lang='grc' dir='ltr'>,ης</span> 
     </span>
    </p>
   </div>
   <div class='ocr_carea' id='block_1_2' title="bbox 245 511 2165 739">
    <p class='ocr_par' dir='ltr' id='par_1_2' title="bbox 245 511 2165 739">
     <span class='ocr_line' id='line_1_2' title="bbox 245 511 2165 628; baseline 0.004 -27"><span class='ocrx_word' id='word_1_3' title='bbox 245 527 672 628; x_wconf 69' lang='lat' dir='ltr'>urguebtmt</span> <span class='ocrx_word' id='word_1_4' title='bbox 707 511 946 618; x_wconf 75' lang='lat' dir='ltr'>ruah,</span> <span class='ocrx_word' id='word_1_5' title='bbox 985 533 1607 624; x_wconf 75' lang='lat' dir='ltr'>macerabuntque</span> <span class='ocrx_word' id='word_1_6' title='bbox 1657 556 1785 626; x_wconf 85' lang='lat' dir='ltr'>per</span> <span class='ocrx_word' id='word_1_7' title='bbox 1826 548 2041 606; x_wconf 82' lang='lat' dir='ltr'>terras</span> <span class='ocrx_word' id='word_1_8' title='bbox 2082 557 2165 608; x_wconf 85' lang='lat' dir='ltr'>ae</span> 
     </span>
     <span class='ocr_line' id='line_1_3' title="bbox 245 642 2125 739; baseline 0.002 -27"><span class='ocrx_word' id='word_1_9' title='bbox 245 642 458 712; x_wconf 69' lang='lat' dir='ltr'>maria</span> <span class='ocrx_word' id='word_1_10' title='bbox 484 665 748 738; x_wconf 86' lang='lat' dir='ltr'>vagum</span> <span class='ocrx_word' id='word_1_11' title='bbox 770 692 794 727; x_wconf 90' lang='lat'>,</span> <span class='ocrx_word' id='word_1_12' title='bbox 815 642 1165 734; x_wconf 75' lang='lat' dir='ltr'>quamdiu</span> <span class='ocrx_word' id='word_1_13' title='bbox 1194 645 1553 714; x_wconf 83' lang='lat' dir='ltr'>malorum</span> <span class='ocrx_word' id='word_1_14' title='bbox 1574 642 1847 739; x_wconf 84' lang='lat' dir='ltr'>gestaris</span> <span class='ocrx_word' id='word_1_15' title='bbox 1874 667 2125 716; x_wconf 75' lang='lat' dir='ltr'>causas.</span> 
     </span>
    </p>
   </div>
   <div class='ocr_carea' id='block_1_3' title="bbox 338 745 2399 846">
    <p class='ocr_par' dir='ltr' id='par_1_3' title="bbox 338 745 2399 846">
     <span class='ocr_line' id='line_1_4' title="bbox 338 745 2399 846; baseline 0.002 -28"><span class='ocrx_word' id='word_1_16' title='bbox 338 749 619 846; x_wconf 85' lang='lat' dir='ltr'>Fugam</span> <span class='ocrx_word' id='word_1_17' title='bbox 649 748 788 819; x_wconf 69' lang='lat' dir='ltr'>tibi</span> <span class='ocrx_word' id='word_1_18' title='bbox 809 772 960 820; x_wconf 86' lang='lat' dir='ltr'>non</span> <span class='ocrx_word' id='word_1_19' title='bbox 987 750 1318 842; x_wconf 82' lang='lat' dir='ltr'><strong>prodesse</strong></span> <span class='ocrx_word' id='word_1_20' title='bbox 1347 751 1650 821; x_wconf 70' lang='lat' dir='ltr'>miraris?</span> <span class='ocrx_word' id='word_1_21' title='bbox 1685 765 1925 823; x_wconf 81' lang='lat' dir='ltr'>tecum</span> <span class='ocrx_word' id='word_1_22' title='bbox 1950 770 2167 839; x_wconf 80' lang='lat' dir='ltr'>sunt,</span> <span class='ocrx_word' id='word_1_23' title='bbox 2276 815 2283 820; x_wconf 96' lang='lat'>.</span> <span class='ocrx_word' id='word_1_24' title='bbox 2394 745 2399 767; x_wconf 85' lang='lat'>&#39;</span> 
     </span>
    </p>
   </div>
   <div class='ocr_carea' id='block_1_4' title="bbox 243 853 2163 964">
    <p class='ocr_par' dir='ltr' id='par_1_4' title="bbox 243 853 2163 964">
     <span class='ocr_line' id='line_1_5' title="bbox 243 853 2163 964; baseline 0.002 -38"><span class='ocrx_word' id='word_1_25' title='bbox 243 881 430 964; x_wconf 63' lang='lat' dir='ltr'>qnae</span> <span class='ocrx_word' id='word_1_26' title='bbox 461 855 663 954; x_wconf 83' lang='lat' dir='ltr'>fugis.</span> <span class='ocrx_word' id='word_1_27' title='bbox 703 858 816 930; x_wconf 86' lang='lat' dir='ltr'>Te</span> <span class='ocrx_word' id='word_1_28' title='bbox 853 853 1062 956; x_wconf 74' lang='lat' dir='ltr'>igitur</span> <span class='ocrx_word' id='word_1_29' title='bbox 1095 860 1438 932; x_wconf 71' lang='lat' dir='ltr'>emenda!</span> <span class='ocrx_word' id='word_1_30' title='bbox 1480 861 1719 932; x_wconf 84' lang='lat' dir='ltr'>Onera</span> <span class='ocrx_word' id='word_1_31' title='bbox 1758 860 1895 931; x_wconf 73' lang='lat' dir='ltr'>tibi</span> <span class='ocrx_word' id='word_1_32' title='bbox 1925 860 2163 935; x_wconf 84' lang='lat' dir='ltr'>detra-</span> 
     </span>
    </p>
   </div>
   <div class='ocr_carea' id='block_1_5' title="bbox 241 967 2311 1060">
    <p class='ocr_par' dir='ltr' id='par_1_5' title="bbox 241 967 2311 1060">
     <span class='ocr_line' id='line_1_6' title="bbox 241 967 2311 1060; baseline 0.001 -20"><span class='ocrx_word' id='word_1_33' title='bbox 241 970 379 1057; x_wconf 84' lang='lat' dir='ltr'>he,</span> <span class='ocrx_word' id='word_1_34' title='bbox 431 985 510 1038; x_wconf 84' lang='lat' dir='ltr'>et</span> <span class='ocrx_word' id='word_1_35' title='bbox 559 968 900 1040; x_wconf 78' lang='lat' dir='ltr'>desideria</span> <span class='ocrx_word' id='word_1_36' title='bbox 945 971 1120 1060; x_wconf 76' lang='lat' dir='ltr'>intra</span> <span class='ocrx_word' id='word_1_37' title='bbox 1171 973 1417 1041; x_wconf 86' lang='lat' dir='ltr'>saltem</span> <span class='ocrx_word' id='word_1_38' title='bbox 1472 970 1779 1042; x_wconf 86' lang='lat' dir='ltr'>modum</span> <span class='ocrx_word' id='word_1_39' title='bbox 1834 967 2163 1043; x_wconf 58' lang='lat' dir='ltr'>&#39;continet</span> <span class='ocrx_word' id='word_1_40' title='bbox 2218 1005 2225 1012; x_wconf 91' lang='lat'><strong>·</strong></span> <span class='ocrx_word' id='word_1_41' title='bbox 2304 1005 2311 1014; x_wconf 91' lang='lat'><strong>·</strong></span> 
     </span>
    </p>
   </div>
   <div class='ocr_carea' id='block_1_6' title="bbox 157 1070 2207 2809">
    <p class='ocr_par' dir='ltr' id='par_1_6' title="bbox 157 1070 2207 2809">
     <span class='ocr_line' id='line_1_7' title="bbox 241 1070 2167 1173; baseline 0 -23"><span class='ocrx_word' id='word_1_42' title='bbox 241 1070 544 1150; x_wconf 74' lang='lat' dir='ltr'>omnem</span> <span class='ocrx_word' id='word_1_43' title='bbox 573 1103 664 1148; x_wconf 78' lang='lat' dir='ltr'>ex</span> <span class='ocrx_word' id='word_1_44' title='bbox 689 1083 932 1155; x_wconf 81' lang='lat' dir='ltr'>animo</span> <span class='ocrx_word' id='word_1_45' title='bbox 970 1078 1180 1150; x_wconf 74' lang='lat' dir='ltr'>erade</span> <span class='ocrx_word' id='word_1_46' title='bbox 1219 1081 1655 1172; x_wconf 82' lang='lat' dir='ltr'>nequitiam!-</span> <span class='ocrx_word' id='word_1_47' title='bbox 1716 1078 1791 1150; x_wconf 84' lang='lat' dir='ltr'>Si</span> <span class='ocrx_word' id='word_1_48' title='bbox 1832 1080 1935 1152; x_wconf 84' lang='lat' dir='ltr'>vis</span> <span class='ocrx_word' id='word_1_49' title='bbox 1966 1103 2167 1173; x_wconf 86' lang='lat' dir='ltr'>pere·</span> 
     </span>
     <span class='ocr_line' id='line_1_8' title="bbox 239 1189 2171 1286; baseline 0.001 -28"><span class='ocrx_word' id='word_1_50' title='bbox 239 1189 670 1286; x_wconf 81' lang='lat' dir='ltr'>grinationes</span> <span class='ocrx_word' id='word_1_51' title='bbox 716 1189 975 1261; x_wconf 83' lang='lat' dir='ltr'>habere</span> <span class='ocrx_word' id='word_1_52' title='bbox 1011 1189 1389 1278; x_wconf 71' lang='lat' dir='ltr'>iucundas,</span> <span class='ocrx_word' id='word_1_53' title='bbox 1435 1205 1649 1260; x_wconf 77' lang='lat' dir='ltr'>tuum</span> <span class='ocrx_word' id='word_1_54' title='bbox 1689 1190 2033 1262; x_wconf 78' lang='lat' dir='ltr'>comitem</span> <span class='ocrx_word' id='word_1_55' title='bbox 2068 1203 2171 1260; x_wconf 65' lang='lat' dir='ltr'>san·</span> 
     </span>
     <span class='ocr_line' id='line_1_9' title="bbox 242 1296 2164 1390; baseline -0.001 -22"><span class='ocrx_word' id='word_1_56' title='bbox 242 1323 330 1369; x_wconf 88' lang='lat' dir='ltr'>na</span> <span class='ocrx_word' id='word_1_57' title='bbox 359 1300 376 1368; x_wconf 84' lang='lat'>!</span> <span class='ocrx_word' id='word_1_58' title='bbox 413 1296 764 1368; x_wconf 74' lang='lat' dir='ltr'>Haerebit</span> <span class='ocrx_word' id='word_1_59' title='bbox 791 1297 920 1368; x_wconf 80' lang='lat' dir='ltr'>tibi</span> <span class='ocrx_word' id='word_1_60' title='bbox 945 1299 1266 1384; x_wconf 80' lang='lat' dir='ltr'>avaritia,</span> <span class='ocrx_word' id='word_1_61' title='bbox 1315 1299 1671 1390; x_wconf 81' lang='lat' dir='ltr'>quamdiu</span> <span class='ocrx_word' id='word_1_62' title='bbox 1700 1323 1909 1370; x_wconf 84' lang='lat' dir='ltr'>avar-o</span> <span class='ocrx_word' id='word_1_63' title='bbox 1942 1297 2164 1371; x_wconf 84' lang='lat' dir='ltr'>sordi-</span> 
     </span>
     <span class='ocr_line' id='line_1_10' title="bbox 249 1406 2165 1503; baseline 0.002 -27"><span class='ocrx_word' id='word_1_64' title='bbox 249 1406 496 1503; x_wconf 74' lang='lat' dir='ltr'>doque</span> <span class='ocrx_word' id='word_1_65' title='bbox 521 1407 918 1478; x_wconf 81' lang='lat' dir='ltr'>convixeris</span> <span class='ocrx_word' id='word_1_66' title='bbox 937 1432 959 1492; x_wconf 84' lang='lat'>3</span> <span class='ocrx_word' id='word_1_67' title='bbox 985 1408 1302 1478; x_wconf 80' lang='lat' dir='ltr'>haerebit</span> <span class='ocrx_word' id='word_1_68' title='bbox 1335 1426 1619 1495; x_wconf 83' lang='lat' dir='ltr'>tumor,</span> <span class='ocrx_word' id='word_1_69' title='bbox 1659 1409 2009 1501; x_wconf 86' lang='lat' dir='ltr'>quamdiu</span> <span class='ocrx_word' id='word_1_70' title='bbox 2043 1432 2165 1480; x_wconf 83' lang='lat' dir='ltr'>su·-</span> 
     </span>
     <span class='ocr_line' id='line_1_11' title="bbox 243 1517 2167 1610; baseline 0.001 -24"><span class='ocrx_word' id='word_1_71' title='bbox 243 1518 474 1610; x_wconf 78' lang='lat' dir='ltr'>perbo</span> <span class='ocrx_word' id='word_1_72' title='bbox 505 1517 1058 1605; x_wconf 77' lang='lat' dir='ltr'>conversaberis3</span> <span class='ocrx_word' id='word_1_73' title='bbox 1095 1542 1499 1610; x_wconf 86' lang='lat' dir='ltr'>numquam</span> <span class='ocrx_word' id='word_1_74' title='bbox 1530 1518 1884 1590; x_wconf 84' lang='lat' dir='ltr'>saevitiam</span> <span class='ocrx_word' id='word_1_75' title='bbox 1914 1518 1989 1589; x_wconf 86' lang='lat' dir='ltr'>in</span> <span class='ocrx_word' id='word_1_76' title='bbox 2016 1534 2167 1588; x_wconf 88' lang='lat' dir='ltr'>tor-</span> 
     </span>
     <span class='ocr_line' id='line_1_12' title="bbox 243 1627 2167 1720; baseline 0.004 -23"><span class='ocrx_word' id='word_1_77' title='bbox 243 1627 408 1697; x_wconf 86' lang='lat' dir='ltr'>toris</span> <span class='ocrx_word' id='word_1_78' title='bbox 426 1627 914 1698; x_wconf 78' lang='lat' dir='ltr'>contubernio</span> <span class='ocrx_word' id='word_1_79' title='bbox 939 1653 1198 1720; x_wconf 77' lang='lat' dir='ltr'>pon-es3</span> <span class='ocrx_word' id='word_1_80' title='bbox 1228 1629 1617 1702; x_wconf 80' lang='lat' dir='ltr'>incendent</span> <span class='ocrx_word' id='word_1_81' title='bbox 1648 1627 1979 1700; x_wconf 75' lang='lat' dir='ltr'>libidines</span> <span class='ocrx_word' id='word_1_82' title='bbox 2006 1644 2167 1704; x_wconf 69' lang='lat' dir='ltr'>tuas</span> 
     </span>
     <span class='ocr_line' id='line_1_13' title="bbox 243 1735 2159 1834; baseline -0.001 -27"><span class='ocrx_word' id='word_1_83' title='bbox 243 1737 734 1814; x_wconf 82' lang='lat' dir='ltr'>adulterorum</span> <span class='ocrx_word' id='word_1_84' title='bbox 771 1736 1116 1810; x_wconf 76' lang='lat' dir='ltr'>sodalitia..</span> <span class='ocrx_word' id='word_1_85' title='bbox 1163 1735 1241 1810; x_wconf 84' lang='lat' dir='ltr'>Si</span> <span class='ocrx_word' id='word_1_86' title='bbox 1278 1739 1449 1808; x_wconf 84' lang='lat' dir='ltr'>velis</span> <span class='ocrx_word' id='word_1_87' title='bbox 1482 1738 1669 1808; x_wconf 79' lang='lat' dir='ltr'>vitiis</span> <span class='ocrx_word' id='word_1_88' title='bbox 1693 1736 1898 1823; x_wconf 70' lang='lat' dir='ltr'>exui,</span> <span class='ocrx_word' id='word_1_89' title='bbox 1944 1737 2159 1834; x_wconf 84' lang='lat' dir='ltr'>longe</span> 
     </span>
     <span class='ocr_line' id='line_1_14' title="bbox 244 1843 2163 1939; baseline -0.003 -19"><span class='ocrx_word' id='word_1_90' title='bbox 244 1874 284 1920; x_wconf 76' lang='lat' dir='ltr'>a</span> <span class='ocrx_word' id='word_1_91' title='bbox 323 1848 674 1918; x_wconf 71' lang='lat' dir='ltr'>vitiorum.</span> <span class='ocrx_word' id='word_1_92' title='bbox 723 1846 1084 1939; x_wconf 79' lang='lat' dir='ltr'>exemplis</span> <span class='ocrx_word' id='word_1_93' title='bbox 1119 1845 1605 1918; x_wconf 83' lang='lat' dir='ltr'>recedendum</span> <span class='ocrx_word' id='word_1_94' title='bbox 1662 1861 1783 1916; x_wconf 82' lang='lat' dir='ltr'>est.</span> <span class='ocrx_word' id='word_1_95' title='bbox 1839 1843 2109 1915; x_wconf 81' lang='lat' dir='ltr'>Avarus</span> <span class='ocrx_word' id='word_1_96' title='bbox 2131 1893 2163 1931; x_wconf 83' lang='lat'>,</span> 
     </span>
     <span class='ocr_line' id='line_1_15' title="bbox 243 1950 2207 2072; baseline -0.004 -42"><span class='ocrx_word' id='word_1_97' title='bbox 243 1951 656 2050; x_wconf 79' lang='lat' dir='ltr'>corruptor,</span> <span class='ocrx_word' id='word_1_98' title='bbox 694 1977 974 2039; x_wconf 87' lang='lat' dir='ltr'>saevus,</span> <span class='ocrx_word' id='word_1_99' title='bbox 1019 1953 1565 2072; x_wconf 81' lang='lat' dir='ltr'>fraudulentus,</span> <span class='ocrx_word' id='word_1_100' title='bbox 1606 1956 1919 2026; x_wconf 83' lang='lat' dir='ltr'>multum</span> <span class='ocrx_word' id='word_1_101' title='bbox 1962 1953 2162 2024; x_wconf 72' lang='lat' dir='ltr'>noci-</span> <span class='ocrx_word' id='word_1_102' title='bbox 2199 1950 2207 1956; x_wconf 80' lang='grc'><strong>’</strong></span> 
     </span>
     <span class='ocr_line' id='line_1_16' title="bbox 237 2039 2157 2159; baseline -0.002 -20"><span class='ocrx_word' id='word_1_103' title='bbox 237 2071 419 2153; x_wconf 81' lang='lat' dir='ltr'>turi,</span> <span class='ocrx_word' id='word_1_104' title='bbox 455 2069 516 2136; x_wconf 78' lang='lat' dir='ltr'>s&#39;r</span> <span class='ocrx_word' id='word_1_105' title='bbox 534 2091 764 2159; x_wconf 81' lang='lat' dir='ltr'>prope</span> <span class='ocrx_word' id='word_1_106' title='bbox 791 2090 830 2136; x_wconf 85' lang='lat' dir='ltr'>a</span> <span class='ocrx_word' id='word_1_107' title='bbox 858 2083 938 2136; x_wconf 75' lang='lat' dir='ltr'>te</span> <span class='ocrx_word' id='word_1_108' title='bbox 959 2063 1288 2150; x_wconf 84' lang='lat' dir='ltr'>fuissent,</span> <span class='ocrx_word' id='word_1_109' title='bbox 1323 2039 1505 2137; x_wconf 85' lang='lat' dir='ltr'>intra</span> <span class='ocrx_word' id='word_1_110' title='bbox 1534 2081 1605 2135; x_wconf 90' lang='lat' dir='ltr'>te</span> <span class='ocrx_word' id='word_1_111' title='bbox 1635 2067 1821 2136; x_wconf 80' lang='lat' dir='ltr'>sunt.</span> <span class='ocrx_word' id='word_1_112' title='bbox 1860 2062 1986 2137; x_wconf 81' lang='lat' dir='ltr'>Ad</span> <span class='ocrx_word' id='word_1_113' title='bbox 2002 2087 2157 2136; x_wconf 85' lang='lat' dir='ltr'>me·-</span> 
     </span>
     <span class='ocr_line' id='line_1_17' title="bbox 235 2173 2156 2264; baseline -0.001 -18"><span class='ocrx_word' id='word_1_114' title='bbox 235 2174 442 2246; x_wconf 84' lang='lat' dir='ltr'>liores</span> <span class='ocrx_word' id='word_1_115' title='bbox 467 2174 716 2244; x_wconf 83' lang='lat' dir='ltr'>transi!</span> <span class='ocrx_word' id='word_1_116' title='bbox 764 2195 936 2244; x_wconf 86' lang='lat' dir='ltr'>cum</span> <span class='ocrx_word' id='word_1_117' title='bbox 973 2173 1368 2246; x_wconf 80' lang='lat' dir='ltr'>Catonibus</span> <span class='ocrx_word' id='word_1_118' title='bbox 1405 2177 1643 2264; x_wconf 85' lang='lat' dir='ltr'>vive,</span> <span class='ocrx_word' id='word_1_119' title='bbox 1657 2199 1826 2248; x_wconf 88' lang='lat' dir='ltr'>cum</span> <span class='ocrx_word' id='word_1_120' title='bbox 1868 2175 2156 2264; x_wconf 84' lang='lat' dir='ltr'>Laelio,</span> 
     </span>
     <span class='ocr_line' id='line_1_18' title="bbox 242 2281 2161 2374; baseline 0.002 -24"><span class='ocrx_word' id='word_1_121' title='bbox 242 2305 410 2354; x_wconf 87' lang='lat' dir='ltr'>cum</span> <span class='ocrx_word' id='word_1_122' title='bbox 435 2281 874 2366; x_wconf 86' lang='lat' dir='ltr'>Tuberone3</span> <span class='ocrx_word' id='word_1_123' title='bbox 907 2283 1112 2374; x_wconf 85' lang='lat' dir='ltr'>quod</span> <span class='ocrx_word' id='word_1_124' title='bbox 1139 2283 1192 2352; x_wconf 87' lang='lat' dir='ltr'>si</span> <span class='ocrx_word' id='word_1_125' title='bbox 1223 2283 1601 2360; x_wconf 74' lang='lat' dir='ltr'>convivere</span> <span class='ocrx_word' id='word_1_126' title='bbox 1631 2284 1843 2356; x_wconf 78' lang='lat' dir='ltr'>etiam</span> <span class='ocrx_word' id='word_1_127' title='bbox 1876 2285 2161 2360; x_wconf 73' lang='lat' dir='ltr'>Graecia</span> 
     </span>
     <span class='ocr_line' id='line_1_19' title="bbox 243 2387 2153 2479; baseline 0.002 -18"><span class='ocrx_word' id='word_1_128' title='bbox 243 2391 436 2463; x_wconf 78' lang='lat' dir='ltr'>iuvat</span> <span class='ocrx_word' id='word_1_129' title='bbox 455 2442 482 2479; x_wconf 88' lang='lat'>,</span> <span class='ocrx_word' id='word_1_130' title='bbox 521 2415 691 2461; x_wconf 81' lang='lat' dir='ltr'>cum</span> <span class='ocrx_word' id='word_1_131' title='bbox 733 2387 1062 2479; x_wconf 65' lang='lat' dir='ltr'>Socrate,</span> <span class='ocrx_word' id='word_1_132' title='bbox 1095 2414 1270 2465; x_wconf 73' lang='lat' dir='ltr'>cum·</span> <span class='ocrx_word' id='word_1_133' title='bbox 1287 2394 1587 2465; x_wconf 85' lang='lat' dir='ltr'>Zenone</span> <span class='ocrx_word' id='word_1_134' title='bbox 1619 2418 1905 2465; x_wconf 66' lang='lat' dir='ltr'>versate.</span> <span class='ocrx_word' id='word_1_135' title='bbox 1954 2392 2153 2465; x_wconf 82' lang='lat' dir='ltr'>Alter</span> 
     </span>
     <span class='ocr_line' id='line_1_20' title="bbox 157 2499 2157 2599; baseline 0.001 -30"><span class='ocrx_word' id='word_1_136' title='bbox 157 2569 164 2578; x_wconf 79' lang='grc'><strong>,</strong></span> <span class='ocrx_word' id='word_1_137' title='bbox 241 2518 313 2599; x_wconf 78' lang='lat' dir='ltr'>te</span> <span class='ocrx_word' id='word_1_138' title='bbox 342 2499 634 2573; x_wconf 71' lang='lat' dir='ltr'>docebit</span> <span class='ocrx_word' id='word_1_139' title='bbox 649 2499 848 2573; x_wconf 74' lang='lat' dir='ltr'>mori</span> <span class='ocrx_word' id='word_1_140' title='bbox 866 2550 887 2585; x_wconf 94' lang='lat'>‚</span> <span class='ocrx_word' id='word_1_141' title='bbox 925 2500 982 2570; x_wconf 83' lang='lat' dir='ltr'>si</span> <span class='ocrx_word' id='word_1_142' title='bbox 1007 2524 1282 2573; x_wconf 79' lang='lat' dir='ltr'>necesse</span> <span class='ocrx_word' id='word_1_143' title='bbox 1311 2502 1476 2573; x_wconf 83' lang='lat' dir='ltr'>erit:</span> <span class='ocrx_word' id='word_1_144' title='bbox 1506 2504 1681 2599; x_wconf 59' lang='lat' dir='ltr'>alter</span> <span class='ocrx_word' id='word_1_145' title='bbox 1705 2552 1729 2590; x_wconf 89' lang='lat'>,</span> <span class='ocrx_word' id='word_1_146' title='bbox 1761 2520 2157 2595; x_wconf 65' lang='lat' dir='ltr'>antequam</span> 
     </span>
     <span class='ocr_line' id='line_1_21' title="bbox 241 2605 2155 2705; baseline 0.001 -26"><span class='ocrx_word' id='word_1_147' title='bbox 241 2632 517 2679; x_wconf 79' lang='lat' dir='ltr'>necesse</span> <span class='ocrx_word' id='word_1_148' title='bbox 555 2606 704 2678; x_wconf 79' lang='lat' dir='ltr'>erit.</span> <span class='ocrx_word' id='word_1_149' title='bbox 751 2606 936 2683; x_wconf 75' lang='lat' dir='ltr'>Vive</span> <span class='ocrx_word' id='word_1_150' title='bbox 968 2632 1136 2679; x_wconf 86' lang='lat' dir='ltr'>tum</span> <span class='ocrx_word' id='word_1_151' title='bbox 1177 2605 1620 2705; x_wconf 77' lang='lat' dir='ltr'>Chrysippo,</span> <span class='ocrx_word' id='word_1_152' title='bbox 1648 2635 1819 2683; x_wconf 87' lang='lat' dir='ltr'>cum</span> <span class='ocrx_word' id='word_1_153' title='bbox 1854 2610 2155 2681; x_wconf 86' lang='lat' dir='ltr'>Posido·-</span> 
     </span>
     <span class='ocr_line' id='line_1_22' title="bbox 189 2712 2160 2809; baseline 0 -20"><span class='ocrx_word' id='word_1_154' title='bbox 189 2723 194 2732; x_wconf 86' lang='grc'><strong>’</strong></span> <span class='ocrx_word' id='word_1_155' title='bbox 239 2723 380 2789; x_wconf 75' lang='lat' dir='ltr'>nio.</span> <span class='ocrx_word' id='word_1_156' title='bbox 429 2719 546 2788; x_wconf 79' lang='lat' dir='ltr'>Hi.</span> <span class='ocrx_word' id='word_1_157' title='bbox 578 2718 714 2787; x_wconf 81' lang='lat' dir='ltr'>tibi</span> <span class='ocrx_word' id='word_1_158' title='bbox 753 2718 1034 2789; x_wconf 81' lang='lat' dir='ltr'>tradent</span> <span class='ocrx_word' id='word_1_159' title='bbox 1073 2712 1481 2791; x_wconf 76' lang='lat' dir='ltr'>divin-orum</span> <span class='ocrx_word' id='word_1_160' title='bbox 1523 2722 2160 2809; x_wconf 77' lang='lat' dir='ltr'>humanorumque</span> 
     </span>
    </p>
   </div>
   <div class='ocr_carea' id='block_1_7' title="bbox 238 2810 2335 2919">
    <p class='ocr_par' dir='ltr' id='par_1_7' title="bbox 238 2810 2335 2919">
     <span class='ocr_line' id='line_1_23' title="bbox 238 2810 2335 2919; baseline 0.001 -22"><span class='ocrx_word' id='word_1_161' title='bbox 238 2828 610 2897; x_wconf 78' lang='lat' dir='ltr'><strong>notitiam:</strong></span> <span class='ocrx_word' id='word_1_162' title='bbox 643 2826 720 2899; x_wconf 82' lang='lat' dir='ltr'>hi</span> <span class='ocrx_word' id='word_1_163' title='bbox 747 2826 1110 2899; x_wconf 75' lang='lat' dir='ltr'>iubebunt</span> <span class='ocrx_word' id='word_1_164' title='bbox 1136 2831 1210 2895; x_wconf 86' lang='lat' dir='ltr'>in</span> <span class='ocrx_word' id='word_1_165' title='bbox 1239 2852 1455 2919; x_wconf 88' lang='lat' dir='ltr'>opere</span> <span class='ocrx_word' id='word_1_166' title='bbox 1480 2852 1659 2914; x_wconf 81' lang='lat' dir='ltr'>esse,</span> <span class='ocrx_word' id='word_1_167' title='bbox 1702 2851 1835 2897; x_wconf 88' lang='lat' dir='ltr'>nec</span> <span class='ocrx_word' id='word_1_168' title='bbox 1867 2840 2155 2899; x_wconf 84' lang='lat' dir='ltr'>tantum</span> <span class='ocrx_word' id='word_1_169' title='bbox 2262 2900 2269 2903; x_wconf 82' lang='grc'><strong>,</strong></span> <span class='ocrx_word' id='word_1_170' title='bbox 2331 2810 2335 2817; x_wconf 43' lang='grc'><strong>’</strong></span> 
     </span>
    </p>
   </div>
   <div class='ocr_carea' id='block_1_8' title="bbox 227 2935 2175 3899">
    <p class='ocr_par' dir='ltr' id='par_1_8' title="bbox 231 2935 2153 3569">
     <span class='ocr_line' id='line_1_24' title="bbox 241 2935 2153 3034; baseline -0.001 -27"><span class='ocrx_word' id='word_1_171' title='bbox 241 2938 414 3007; x_wconf 89' lang='lat' dir='ltr'>scite</span> <span class='ocrx_word' id='word_1_172' title='bbox 437 2936 678 3034; x_wconf 79' lang='lat' dir='ltr'>loqui,</span> <span class='ocrx_word' id='word_1_173' title='bbox 706 2946 797 3007; x_wconf 72' lang='lat' dir='ltr'>&#39;et</span> <span class='ocrx_word' id='word_1_174' title='bbox 817 2935 893 3005; x_wconf 88' lang='lat' dir='ltr'>in</span> <span class='ocrx_word' id='word_1_175' title='bbox 927 2936 1491 3009; x_wconf 78' lang='lat' dir='ltr'>oblectationem</span> <span class='ocrx_word' id='word_1_176' title='bbox 1518 2936 1969 3010; x_wconf 86' lang='lat' dir='ltr'>audientium</span> <span class='ocrx_word' id='word_1_177' title='bbox 1999 2957 2153 3005; x_wconf 85' lang='lat' dir='ltr'>ver-</span> 
     </span>
     <span class='ocr_line' id='line_1_25' title="bbox 231 3044 2152 3135; baseline -0.001 -18"><span class='ocrx_word' id='word_1_178' title='bbox 231 3046 326 3117; x_wconf 85' lang='lat' dir='ltr'>ba</span> <span class='ocrx_word' id='word_1_179' title='bbox 349 3046 600 3117; x_wconf 84' lang='lat' dir='ltr'>iactare</span> <span class='ocrx_word' id='word_1_180' title='bbox 617 3098 643 3135; x_wconf 93' lang='lat'>,</span> <span class='ocrx_word' id='word_1_181' title='bbox 671 3044 794 3117; x_wconf 90' lang='lat' dir='ltr'>sed</span> <span class='ocrx_word' id='word_1_182' title='bbox 815 3046 1146 3123; x_wconf 82' lang='lat' dir='ltr'>animum</span> <span class='ocrx_word' id='word_1_183' title='bbox 1163 3048 1533 3135; x_wconf 80' lang='lat' dir='ltr'>indurare,</span> <span class='ocrx_word' id='word_1_184' title='bbox 1568 3064 1639 3118; x_wconf 87' lang='lat' dir='ltr'>et</span> <span class='ocrx_word' id='word_1_185' title='bbox 1667 3047 1997 3119; x_wconf 85' lang='lat' dir='ltr'>adversus</span> <span class='ocrx_word' id='word_1_186' title='bbox 2018 3045 2152 3118; x_wconf 74' lang='lat' dir='ltr'><strong>mi·-</strong></span> 
     </span>
     <span class='ocr_line' id='line_1_26' title="bbox 240 3154 2151 3251; baseline 0.001 -28"><span class='ocrx_word' id='word_1_187' title='bbox 240 3180 360 3225; x_wconf 84' lang='lat' dir='ltr'>nas</span> <span class='ocrx_word' id='word_1_188' title='bbox 385 3156 667 3251; x_wconf 78' lang='lat' dir='ltr'>eri-gere.</span> <span class='ocrx_word' id='word_1_189' title='bbox 707 3154 916 3228; x_wconf 75' lang='lat' dir='ltr'>Unus</span> <span class='ocrx_word' id='word_1_190' title='bbox 935 3172 1038 3227; x_wconf 82' lang='lat' dir='ltr'>es&#39;t</span> <span class='ocrx_word' id='word_1_191' title='bbox 1068 3156 1266 3227; x_wconf 77' lang='lat' dir='ltr'>enim</span> <span class='ocrx_word' id='word_1_192' title='bbox 1285 3156 1503 3227; x_wconf 84' lang='lat' dir='ltr'>huius</span> <span class='ocrx_word' id='word_1_193' title='bbox 1522 3159 1705 3232; x_wconf 80' lang='lat' dir='ltr'>vitae</span> <span class='ocrx_word' id='word_1_194' title='bbox 1738 3155 2151 3245; x_wconf 73' lang='lat' dir='ltr'>fluctuantis</span> 
     </span>
     <span class='ocr_line' id='line_1_27' title="bbox 239 3260 2149 3356; baseline 0.001 -26"><span class='ocrx_word' id='word_1_195' title='bbox 239 3282 318 3331; x_wconf 86' lang='lat' dir='ltr'>et</span> <span class='ocrx_word' id='word_1_196' title='bbox 353 3260 678 3333; x_wconf 84' lang='lat' dir='ltr'>turbidae</span> <span class='ocrx_word' id='word_1_197' title='bbox 718 3279 1012 3356; x_wconf 88' lang='lat' dir='ltr'>portus,</span> <span class='ocrx_word' id='word_1_198' title='bbox 1053 3281 1394 3339; x_wconf 58' lang='lat' dir='ltr'>ementura·</span> <span class='ocrx_word' id='word_1_199' title='bbox 1429 3282 1920 3348; x_wconf 83' lang='lat' dir='ltr'>contemnere,</span> <span class='ocrx_word' id='word_1_200' title='bbox 1966 3279 2149 3331; x_wconf 81' lang='lat' dir='ltr'>stare</span> 
     </span>
     <span class='ocr_line' id='line_1_28' title="bbox 233 3368 2145 3463; baseline -0.004 -22"><span class='ocrx_word' id='word_1_201' title='bbox 233 3369 576 3455; x_wconf 84' lang='lat' dir='ltr'>fidenter,</span> <span class='ocrx_word' id='word_1_202' title='bbox 605 3385 968 3463; x_wconf 85' lang='lat' dir='ltr'>apertum3</span> <span class='ocrx_word' id='word_1_203' title='bbox 1007 3371 1144 3442; x_wconf 79' lang='lat' dir='ltr'>tela</span> <span class='ocrx_word' id='word_1_204' title='bbox 1173 3368 1500 3441; x_wconf 80' lang='lat' dir='ltr'>fortunae</span> <span class='ocrx_word' id='word_1_205' title='bbox 1534 3370 1825 3441; x_wconf 71' lang='lat' dir='ltr'>adverso</span> <span class='ocrx_word' id='word_1_206' title='bbox 1857 3383 2145 3461; x_wconf 85' lang='lat' dir='ltr'>pectore</span> 
     </span>
     <span class='ocr_line' id='line_1_29' title="bbox 235 3475 2145 3569; baseline -0.003 -23"><span class='ocrx_word' id='word_1_207' title='bbox 235 3476 602 3569; x_wconf 80' lang='lat' dir='ltr'>excipere,</span> <span class='ocrx_word' id='word_1_208' title='bbox 653 3490 808 3546; x_wconf 79' lang='lat' dir='ltr'>non</span> <span class='ocrx_word' id='word_1_209' title='bbox 852 3477 1254 3545; x_wconf 81' lang='lat' dir='ltr'>latitantem</span> <span class='ocrx_word' id='word_1_210' title='bbox 1272 3527 1294 3561; x_wconf 91' lang='lat'>,</span> <span class='ocrx_word' id='word_1_211' title='bbox 1363 3498 1497 3548; x_wconf 77' lang='lat' dir='ltr'>nec</span> <span class='ocrx_word' id='word_1_212' title='bbox 1550 3475 2145 3569; x_wconf 78' lang='lat' dir='ltr'>tergiversantem.</span> 
     </span>
    </p>

    <p class='ocr_par' dir='ltr' id='par_1_9' title="bbox 236 3580 2147 3685">
     <span class='ocr_line' id='line_1_30' title="bbox 236 3580 2147 3685; baseline -0.002 -30"><span class='ocrx_word' id='word_1_213' title='bbox 236 3584 726 3685; x_wconf 82' lang='lat' dir='ltr'>Magnanimos</span> <span class='ocrx_word' id='word_1_214' title='bbox 751 3609 879 3655; x_wconf 87' lang='lat' dir='ltr'>nos</span> <span class='ocrx_word' id='word_1_215' title='bbox 902 3594 1153 3656; x_wconf 85' lang='lat' dir='ltr'>natura</span> <span class='ocrx_word' id='word_1_216' title='bbox 1175 3586 1559 3677; x_wconf 79' lang='lat' dir='ltr'>produxit3</span> <span class='ocrx_word' id='word_1_217' title='bbox 1598 3601 1713 3675; x_wconf 87' lang='lat' dir='ltr'>et,</span> <span class='ocrx_word' id='word_1_218' title='bbox 1746 3599 1827 3651; x_wconf 87' lang='lat' dir='ltr'>ut</span> <span class='ocrx_word' id='word_1_219' title='bbox 1854 3580 2147 3671; x_wconf 87' lang='lat' dir='ltr'>quibus-</span> 
     </span>
    </p>

    <p class='ocr_par' dir='ltr' id='par_1_10' title="bbox 227 3681 2175 3899">
     <span class='ocr_line' id='line_1_31' title="bbox 237 3681 2175 3785; baseline -0.001 -22"><span class='ocrx_word' id='word_1_220' title='bbox 237 3694 398 3765; x_wconf 86' lang='lat' dir='ltr'>dam</span> <span class='ocrx_word' id='word_1_221' title='bbox 423 3693 850 3766; x_wconf 72' lang='lat' dir='ltr'>anamalibus</span> <span class='ocrx_word' id='word_1_222' title='bbox 874 3694 1110 3767; x_wconf 80' lang='lat' dir='ltr'>ferum</span> <span class='ocrx_word' id='word_1_223' title='bbox 1121 3681 1372 3781; x_wconf 88' lang='lat' dir='ltr'>dedit,</span> <span class='ocrx_word' id='word_1_224' title='bbox 1409 3691 1833 3785; x_wconf 77' lang='lat' dir='ltr'>quibusdam</span> <span class='ocrx_word' id='word_1_225' title='bbox 1872 3690 2175 3761; x_wconf 78' lang='lat' dir='ltr'>subdo-</span> 
     </span>
     <span class='ocr_line' id='line_1_32' title="bbox 227 3788 2144 3899; baseline -0.001 -25"><span class='ocrx_word' id='word_1_226' title='bbox 227 3803 421 3895; x_wconf 80' lang='lat' dir='ltr'>lum,</span> <span class='ocrx_word' id='word_1_227' title='bbox 463 3802 908 3899; x_wconf 71' lang='lat' dir='ltr'>quibusdam</span> <span class='ocrx_word' id='word_1_228' title='bbox 959 3802 1342 3899; x_wconf 82' lang='lat' dir='ltr'>pavidum,</span> <span class='ocrx_word' id='word_1_229' title='bbox 1382 3803 1480 3875; x_wconf 85' lang='lat' dir='ltr'>ita</span> <span class='ocrx_word' id='word_1_230' title='bbox 1513 3802 1729 3875; x_wconf 78' lang='lat' dir='ltr'>nobis</span> <span class='ocrx_word' id='word_1_231' title='bbox 1758 3788 2144 3899; x_wconf 81' lang='lat' dir='ltr'>gloriosum</span> 
     </span>
    </p>
   </div>
  </div>
 </body>
</html>
