2759 4825
674 386 789 453 302
1118 352 1474 429 NOTAE
1525 360 1626 429 m
1680 358 2144 430 SENECAE
2259 458 2262 463 Ι

665 502 879 597 pereatis
910 514 1148 591 beneficio
1176 514 1349 587 scies,
1380 516 1592 595 quinam
1603 512 1812 593 fuerint
1828 510 1934 573 veri
1957 512 2140 576 amici.
2221 515 2260 577 l.
2299 512 2398 576 18.
2417 510 2624 593 felic?-

670 615 758 657 tas
769 598 1003 681 proptor.
1030 594 1129 669 Sic
1153 596 1428 657 meliores
1450 594 1606 657 libri.
1633 617 1636 619 ’
1665 594 1782 655 elic.
1801 594 2044 677 proprior
2063 594 2161 659 ed.
2181 596 2260 657 A.
2285 612 2351 664 et
2369 598 2450 659 R.
2473 616 2623 658 cum

670 696 802 741 uno
832 696 937 739 ms.
965 698 1015 739 c.
1060 675 1578 757 perperam-vulgo
1635 676 1751 737 elic.
1776 678 1901 737 Deo
1913 698 2016 759 pro
2052 675 2154 752 ior,
2190 695 2268 739 ex
2292 676 2421 759 ing.
2449 679 2623 741 Mur.

669 762 707 820 l.
748 760 931 835 27..1·n
960 758 1257 821 stramentis
1288 757 1415 821 edd.
1445 772 1595 821 vett.
1627 775 1768 819 cum
1800 776 1936 819 mss.
2027 778 2103 821 ua
2137 758 2514 821 auctoritate
2557 761 2618 821 iu

670 841 885 903 abiecit
916 840 1078 903 Mur.
1139 839 1277 901 Ibid.
1300 862 1407 901 non
1411 856 1716 923 praeceptor
1737 853 1852 919 ete.
1875 836 2022 901 Duo
2044 839 2233 921 verba
2249 886 2268 915 ,
2293 856 2426 903 tunc
2449 842 2616 915 enim,

670 942 707 983 a
730 921 934 985 Ruhk.
960 938 1122 985 recte
1139 921 1400 995 abiecta,
1422 940 1549 983 non
1559 921 1832 983 revocati
1851 920 2175 985 debuerant
2189 922 2250 982 in
2267 922 2362 985 ed.
2379 922 2618 987 Matth-

668 1000 924 1068 Temere
954 1004 1154 1065 adsuta
1181 1002 1326 1065 olim
1360 1020 1400 1065 a
1424 1002 1693 1067 Curione
1727 1020 1894 1063 erant
1917 1003 2120 1065 invitis
2151 1003 2340 1066 libris.

754 1086 923 1147 Pae.
946 1087 1045 1159 64.
1070 1086 1113 1147 l.
1146 1101 1200 1161 ς.
1234 1081 1356 1147 Ista
1372 1130 1394 1160 ,
1421 1086 1519 1146 sed
1547 1084 1778 1145 securior
1792 1130 1819 1155 ,Α
1853 1084 1944 1165 qui
1973 1102 2114 1145 caret
2134 1085 2340 1147 divitiis
2357 1130 2380 1159 ,
2403 1104 2494 1149 ex
2517 1086 2611 1149 ed.

668 1164 853 1229 Rom.
889 1181 1245 1250 propagata,
1289 1165 1569 1248 ignorant
1597 1182 1814 1226 omnes
1853 1166 2050 1242 mssti,
2079 1185 2238 1248 quos
2274 1168 2612 1244 novimus,
2731 1162 2742 1186 “

667 1266 797 1310 uno
824 1247 1044 1311 Colon.
1084 1234 1365 1330 esteptO.
1457 1248 1498 1309 l.
1531 1266 1592 1325 7.
1629 1246 1750 1309 Nec
1783 1246 1894 1307 scio
1925 1268 2016 1329 ego
2035 1293 2058 1322 ,
2101 1248 2332 1330 Epicuri
2355 1272 2454 1311 an
2493 1275 2612 1313 ae-

669 1331 905 1392 mulus
940 1329 1036 1390 iste
1064 1352 1270 1412 pauper
1285 1344 1404 1391 etc.
1435 1326 1562 1391 Isto
1599 1324 1726 1390 fere
1755 1328 1936 1390 modo
1961 1328 2384 1411 corrigendum
2427 1330 2610 1395 fuisse
2740 1380 2741 1413 ᾗ

668 1410 869 1473 locum
889 1456 909 1486 ,
935 1410 1144 1471 misere
1182 1408 1367 1492 vulgo
1387 1408 1822 1484 deformatum,
1853 1408 2053 1473 nullus
2085 1411 2315 1474 dubito.
2359 1412 2605 1493 Vulgo,
2740 1416 2741 1419 ’

666 1492 861 1554 iudea
880 1493 1122 1555 Mureto
1136 1534 1157 1561 ‚
1181 1490 1297 1552 Nec
1320 1512 1345 1551 e
1378 1512 1412 1551 o
1429 1490 1650 1574 Epicuri
1663 1492 1876 1573 angelus
1895 1490 2010 1574 scio
2029 1515 2102 1552 an
2124 1515 2332 1575 pauper
2351 1492 2456 1555 iste
2487 1512 2604 1557 etc.

666 1574 830 1653 quod
844 1574 921 1635 ita
938 1593 1003 1635 se
1019 1571 1296 1653 prohpvit
1314 1511 1700 1651 lfuhkopfim
1722 1588 1788 1635 ut
1815 1572 1982 1644 nullo
1997 1591 2180 1656 pacto
2195 1592 2483 1657 ereptum
2497 1577 2605 1638 sibi

667 1655 846 1717 istum
882 1652 1111 1740 Epicuri
1144 1655 1388 1735 angelum
1419 1652 1621 1717 vellet..
1649 1652 1726 1715 Et
1761 1655 1979 1737 angelus
2005 1655 2243 1737 quidem
2279 1656 2600 1740 vulgatum

666 1752 795 1800 erat
818 1735 960 1799 inde
990 1735 1064 1798 ab
1102 1736 1194 1797 ed.
1228 1734 1394 1797 Ven.
1427 1755 1479 1798 1.
1514 1734 1880 1817 suffragante
1909 1735 2000 1798 ed.
2026 1738 2104 1798 A.
2145 1755 2205 1799 et
2229 1758 2410 1802 ms.c.
2431 1740 2599 1802 aliis-

664 1836 787 1900 que
828 1817 1133 1881 nonnullis
1174 1816 1331 1898 apud
1366 1816 1548 1880 Grut.
1595 1816 1698 1879 sed
1735 1819 1967 1898 angulus
2008 1817 2182 1880 dabat
2211 1818 2308 1883 ed.
2341 1824 2417 1883 R.
2457 1840 2597 1884 cum

666 1919 809 1962 msS.
834 1902 979 1979 Arg.
1008 1902 1057 1960 b.
1097 1897 1224 1961 Par.
1248 1922 1303 1960 a.
1329 1901 1382 1959 h.
1406 1901 1459 1960 d.
1497 1916 1560 1960 et
1583 1898 1711 1961 aliis
1748 1897 2080 1981 plerisque:
2125 1902 2400 1963 nonnulli
2443 1923 2597 1966 vero

664 1980 959 2062 (Erasmo
985 1995 1167 2054 teste,
1196 1995 1256 2040 et
1279 1978 1659 2073 Opsopoeo)
1684 1982 1922 2042 aemulus
1957 1980 2395 2061 praeferebant,
2429 1986 2600 2065 quod

664 2063 855 2126 miror
886 2080 1011 2124 non
1041 2060 1347 2142 amplexos
1386 2080 1512 2123 esse
1550 2059 1831 2124 editores.
1884 2059 2036 2123 Mihi
2068 2064 2308 2145 quidem
2339 2084 2472 2129 non
2505 2084 2597 2129 est

666 2144 912 2206 dubium
933 2189 952 2217 ,
975 2134 1127 2203 istud
1148 2144 1378 2224 angulus
1405 2160 1478 2203 ex
1498 2160 1574 2203 an
1591 2145 1826 2204 aemulus
1853 2157 1978 2207 esse
2000 2161 2388 2227 prognatum:
2429 2164 2596 2209 nem-

666 2244 743 2309 pe
770 2225 997 2305 Epicuri
1031 2222 1293 2285 aemulum
1331 2224 1473 2286 dicit
1507 2224 1726 2287 Seneca
1760 2223 2189 2288 Metrodorum
2211 2272 2232 2303 ,
2276 2245 2381 2291 aut
2417 2231 2590 2311 quis-

664 2306 802 2389 quis
834 2304 1001 2399 fuit„
1026 2305 1097 2366 ad
1130 2324 1308 2387 quem
1344 2305 1530 2367 verba
1567 2305 1713 2400 ista,
1749 2307 1928 2387 paulo
1961 2326 2100 2369 ante
2142 2308 2410 2383 laudata,
2443 2310 2594 2373 scri-

663 2404 864 2544 {³0⁵3ssss
884 2386 2158 2552 333232322393223222rzfflaffgussffie‘ss}
2178 2390 2592 2554 ’92552252252

663 2571 782 2614 suo
824 2569 992 2614 more
1022 2550 1073 2610 si
1106 2570 1219 2632 pro
1256 2573 1329 2610 an
1357 2568 1644 2631 posuere,
1681 2552 1730 2612 si
1761 2572 1965 2635 pauper
2003 2553 2141 2628 ine,-
2189 2574 2304 2637 pro
2340 2574 2466 2635 quo
2511 2575 2584 2616 an

654 2655 863 2716 pauper
896 2634 992 2692 iste
1025 2631 1301 2696 Muretus
1346 2650 1423 2694 ex
1467 2633 1629 2708 coni.
1655 2631 1850 2696 edidit.
1904 2633 2026 2697 lam
2065 2637 2229 2716 quod
2261 2636 2440 2700 initio
2471 2657 2585 2718 po·-

662 2715 797 2789 sui,
851 2715 968 2775 Nec
1014 2714 1169 2774 scio
1212 2735 1338 2796 ego,
1372 2713 1427 2774 id
1471 2713 1552 2774 ita
1599 2715 1660 2775 in
1707 2715 1804 2778 ed.
1839 2717 1910 2776 R.
1950 2733 2012 2777 et
2061 2717 2366 2780 nonnullis
2412 2720 2583 2783 codd.

660 2796 983 2876 scriptum,
1013 2795 1346 2875 commode}
1369 2795 1644 2876 quidem:
1690 2797 1793 2858 sed
1831 2797 2040 2858 abesse
2078 2797 2258 2860 etiam
2294 2817 2354 2861 et
2392 2800 2583 2862 subin·
2683 2867 2692 2877 ‚

660 2877 848 2959 telligi
877 2877 1131 2940 verbum
1161 2879 1273 2938 scio
1300 2893 1572 2959 poterat,
1602 2879 1764 2959 quod
1793 2895 1930 2940 cum
1960 2879 2052 2940 ed.
2087 2878 2311 2941 Erasm.
2356 2881 2584 2963 ignorat
2621 2926 2626 2928 -

660 2959 759 3020 ed.
798 2962 878 3022 A.
921 2973 983 3018 et
1020 2976 1161 3020 mss.
1194 2960 1338 3040 Arg.
1369 2960 1424 3020 b.
1463 2979 1510 3020 c.
1544 2975 1606 3019 et
1641 2957 1771 3020 Par.
1799 2983 1858 3021 a.
1889 2961 1946 3021 d.
1971 2959 2206 3043 aliique.
2235 2961 2402 3024 Tota
2435 2981 2579 3026 vero

659 3036 817 3122 ῥῆσις
834 3080 853 3112 ,
877 3041 992 3099 Nec
1010 3040 1124 3100 scio
1146 3058 1238 3120 ego
1252 3073 1289 3085 -
1308 3037 1594 3100 -inciderit
1617 3039 1782 3110 abest
1823 3040 1950 3102 Par.
1974 3044 2031 3104 h.
2129 3045 2168 3104 l.
2202 3063 2296 3124 15.
2320 3061 2578 3128 tamquam

661 3123 751 3180 ad
782 3119 1019 3181 meliora.
1066 3119 1319 3182 Rectius
1345 3119 1637 3182 delebitur
1662 3121 1724 3183 h.
1762 3121 1800 3183 1.
1835 3123 2056 3186 vocula
2085 3127 2193 3197 ad,
2232 3143 2391 3206 quae
2411 3125 2578 3188 abest
2630 3129 2648 3152 ⁸

659 3200 755 3264 ed.
776 3203 852 3263 R.
869 3214 931 3261 et
953 3202 1033 3262 A.
1063 3217 1126 3262 et
1156 3201 1347 3263 msstis
1369 3202 1613 3265 nostris.
1639 3201 1910 3279 Deinde,
1943 3223 2056 3285 pro
2075 3223 2202 3287 prae
2237 3228 2420 3279 arare,
2445 3227 2578 3270 om·
2740 3263 2741 3284 ,

656 3283 806 3345 nino
844 3303 1180 3364 praepara
1194 3281 1251 3342 ri
1290 3283 1710 3365 corrigendum
1740 3303 1814 3346 ex
1841 3301 2118 3349 veterum
2146 3287 2183 3347 li
2227 3307 2429 3350 rorum
2448 3308 2580 3350 om·
2739 3293 2741 3324 ⁴

656 3365 827 3426 nium
845 3381 1160 3426 consensu.
1188 3362 1359 3426 Istud
1382 3382 1507 3426 non
1527 3383 1604 3426 ex
1630 3364 1855 3426 Erasmi
1874 3366 2137 3430 editione
2155 3368 2266 3450 (ut
2280 3368 2576 3432 Gruterus
2739 3333 2741 3400 ¹

656 3444 955 3590 putabat)
990 3461 1384 3531 propagatum
1421 3464 1542 3524 est,
1582 3449 1689 3508 sed
1721 3463 1860 3530 post
1888 3467 2029 3512 eum
2057 3469 2094 3512 a
2114 3449 2384 3516 Curione
2411 3467 2507 3515 aut
2525 3469 2574 3515 -a
2673 3507 2678 3516 .
2739 3499 2741 3534 ;

582 3547 595 3564 ‘
705 3527 865 3590 rallo.
878 3543 1099 3590 temere
1128 3545 1457 3592 mvectum.

1256 3650 1394 3715 El>
1434 3651 1466 3715 1
1508 3653 1548 3716 S
1594 3652 1676 3716 T.
1749 3653 1959 3718 XXI.

738 3737 1223 3834 Paa.66.'t.11.
1256 3770 1388 3835 edem
1405 3775 1618 3855 quando
1652 3794 1716 3835 ue
1739 3769 2006 3837 sitentium
2033 3774 2259 3837 obitum
2297 3772 2496 3858 vulgo
2517 3776 2572 3838 ta

654 3849 794 3916 idem
812 3881 851 3899 ·-
878 3883 915 3926 ‚-
944 3852 1154 3953 abitare
1167 3899 1195 3928 ,
1234 3869 1312 3920 ex
1350 3854 1592 3940 ingenio
1619 3798 1792 3925 {flur-
1889 3855 1932 3920 Ι.
1978 3857 2406 3952 145Habebo
2429 3862 2575 3942 apud
