2759 4825
655 404 773 491 „s
1196 358 2024 466 RRAEFATIO.

652 564 791 611 cum
816 540 1369 629 praepositionibus
1405 541 1712 605 nonnullis
1737 543 2078 625 composita
2117 557 2257 607 sunt
2271 588 2298 621 ,
2337 538 2444 607 ubi
2471 545 2575 609 ul-

649 640 855 703 timam
878 635 1342 722 praepositionis
1372 654 1706 699 consonam
1738 655 1879 698 cum
1907 636 2096 718 prima
2131 654 2408 699 consona
2435 656 2578 701 ver-

647 730 711 793 bi
749 730 1181 812 colliquescere
1224 726 1444 791 volunt
1464 771 1487 803 ‚
1536 744 1658 789 non
1703 726 1906 789 solum
1955 727 2408 791 vetustissimus
2453 748 2574 793 no-

648 842 773 889 ster
807 826 1003 889 codex
1034 848 1093 885 a.
1132 823 1398 887 nativam
1433 822 1897 906 praepositionis
1931 840 2264 885 consonam
2296 826 2575 905 pertina-

648 919 803 982 citer
834 918 1185 1002 plerumque
1214 933 1420 981 servat
1439 962 1460 991 ‚
1495 935 1714 979 verum
1754 916 2024 979 eiusdem
2058 919 2244 981 moris
2277 918 2574 1000 frequen-

646 1014 735 1077 tia
769 1015 951 1078 etiam
972 1013 1227 1117 vestigia
1248 1013 1309 1081 in
1348 1011 1478 1075 aliis
1513 1009 1824 1073 codicibus
1845 1010 1878 1091 (
1896 1010 1958 1073 in
1986 1009 2168 1093 paulo
2206 1012 2568 1075 vetustiori-

646 1104 762 1169 bus
782 1106 1174 1189 praesertim,
1207 1121 1276 1168 ut
1302 1105 1369 1165 in
1389 1120 1602 1167 nostro
1619 1122 1728 1165 ms.
1753 1104 1806 1165 b.
1829 1117 1892 1163 et
1920 1104 2046 1166 Par.
2068 1105 2116 1164 b.
2149 1103 2407 1187 aliisque
2431 1107 2569 1189 qui·

642 1196 759 1263 hus
789 1199 1161 1283 Opsopoeus
1206 1216 1353 1261 usus
1391 1212 1554 1273 erat,
1591 1196 1698 1259 sed
1723 1194 1978 1260 subinde
2014 1198 2196 1259 etiam
2240 1199 2305 1259 in
2344 1217 2565 1265 recen·

640 1290 941 1372 rioribus)
992 1305 1233 1353 servata
1272 1288 1825 1394 deprehenduntur.
1879 1279 2006 1351 Et*
1989 1307 2053 1349 in
2080 1288 2288 1351 verbis
2317 1290 2563 1373 quidem

640 1400 719 1444 ex
738 1384 814 1445 ad
832 1382 1185 1463 compositis
1218 1381 1522 1443 neminem
1562 1398 1926 1463 magnopere
1963 1378 2314 1447 offensum
2299 1385 2374 1445 iri
2409 1402 2563 1447 con-

637 1472 794 1550 fido,
834 1494 1029 1557 quum
1056 1492 1150 1536 ex.
1188 1494 1278 1557 gr.
1314 1474 1544 1535 adsidere
1585 1490 1648 1536 et
1687 1476 1939 1535 adsidam
1975 1490 2012 1533 a
2054 1474 2232 1537 nobis
2267 1478 2560 1558 scriptum

636 1568 860 1637 viderit
876 1613 899 1645 ,
939 1584 1003 1631 et
1032 1570 1251 1649 adficere
1259 1600 1287 1642 5
1320 1566 1566 1647 adfectus
1577 1612 1603 1640 ,
1641 1566 1919 1647 adfirmare
1936 1612 1962 1639 ,
1993 1567 2208 1647 adgreAE
2221 1613 2246 1640 ,
2289 1570 2556 1649 adligare,

633 1662 903 1741 adquirere
916 1708 942 1737 ,
990 1662 1255 1743 adpellare
1268 1706 1290 1735 ,
1330 1663 1623 1732 adsumere,
1669 1660 1937 1720 adtendere
1945 1704 1969 1732 ,
2007 1660 2300 1719 adtuleram
2309 1706 2342 1733 ,
2386 1677 2451 1723 et
2475 1660 2560 1724 his

636 1754 881 1831 similia,
905 1772 925 1807 s
967 1772 1123 1837 quae
1159 1754 1432 1835 alioquin
1459 1753 1654 1815 etiam
1707 1752 2038 1815 multorum
2085 1752 2414 1815 doctorum
2463 1755 2558 1817 vi-

636 1868 843 1913 rorum
873 1868 987 1911 usu
1027 1849 1167 1911 trita
1190 1866 1350 1913 sunt.
1396 1848 1530 1913 Nec
1567 1848 1670 1910 illa
1691 1846 1871 1910 facile
1906 1830 2308 1931 reprehendet
2345 1849 2557 1932 aliquis

630 1961 711 2007 ex
746 1947 841 2007 sub
868 1943 1237 2026 composita,
1266 1945 1560 2027 subripere,
1593 1942 1776 2027 Ep.1.
1811 1942 1854 2007 l.
1875 1962 1931 2003 2.
1961 1958 2038 2004 ex
2067 1961 2198 2005 mss·
2225 1968 2285 2007 a.
2320 1959 2384 2006 et
2405 1946 2457 2005 h.
2493 1962 2554 2010 et

630 2033 743 2117 Ep.
770 2050 1062 2097 Lxxvm.
1088 2055 1147 2116 p.
1172 2034 1280 2095 281
1300 2080 1321 2111 ‚
1346 2056 1406 2115 7.
1429 2052 1508 2096 ex
1539 2052 1678 2097 mss.
1701 2035 1748 2094 b.
1780 2048 1844 2095 et
1868 2057 1917 2095 c.
1957 2048 2068 2095 aut
2095 2032 2364 2115 subfitsa,
2391 2036 2553 2119 quod

628 2126 948 2210 Opsopoei
976 2126 1357 2189 membranae
1395 2128 1456 2189 in
1486 2127 1596 2211 Ep.
1629 2142 1893 2197 Lxxvn.
1923 2126 1982 2207 p.'
2018 2144 2168 2203 277,
2204 2128 2260 2187 6.
2300 2126 2549 2190 dedere:

630 2236 747 2281 nec
768 2240 1084 2281 summovere
1114 2234 1221 2280 ant
1242 2221 1551 2280 summittere
1573 2215 1809 2298 aliaque
1834 2216 1976 2277 talia
2001 2215 2272 2279 maluerit
2288 2262 2309 2292 ,
2335 2238 2514 2300 quam
2531 2262 2552 2293 ,

622 2311 799 2394 quod
818 2330 935 2375 nos
952 2330 1092 2377 cum
1112 2312 1303 2375 msstis
1331 2304 1605 2374 dedimus
1619 2355 1642 2386 ,
1672 2312 1964 2372 submovere
1980 2354 2004 2383 ,
2037 2308 2346 2383 submittere.
2365 2328 2396 2363 2
2433 2312 2550 2373 lam

697 2507 720 2542 1
753 2489 941 2566 Tamen
969 2495 1231 2552 attonitus,
1264 2495 1466 2551 attinet,
1493 2503 1548 2544 et
1635 2506 1786 2564 gerez
1831 2507 1936 2584 qno
1975 2489 2128 2570 modo
2168 2491 2420 2544 subcrescit
2458 2509 2550 2561 pro
2612 2498 2619 2507 ’

623 2567 722 2622 alia
767 2555 1058 2636 nonnulla,
1102 2575 1293 2640 absque
1328 2573 1363 2622 d
1399 2572 1544 2624 litera
1627 2573 1872 2621 succrescit
1883 2569 2090 2638 s‘eripsi,
2081 2563 2274 2638 Epist.
2299 2587 2388 2640 90.
2409 2591 2464 2641 p.
2485 2577 2514 2626 8
2532 2608 2548 2637 ,

626 2649 807 2716 scripsi
836 2687 853 2714 ,
906 2652 1339 2706 consentientibus
1399 2651 1542 2704 libris
1636 2668 1714 2716 ιγ.
1745 2651 1840 2704 Sed
1851 2653 2104 2711 succidere,
2117 2669 2407 2713 saecun-ere,
2429 2653 2546 2706 item

626 2730 883 2784 omnibus.
1629 2747 1856 2788 occurrere
1869 2761 1888 2790 ‚
1909 2747 2136 2798 opponere
2154 2767 2174 2790 ‚
2199 2735 2484 2798 opprimereJ
2502 2745 2550 2785 et

692 2822 726 2860 2
752 2807 973 2878 Aegrius
994 2807 1211 2861 fortasse
1227 2807 1412 2877 aliquis
1428 2825 1542 2877 pas-
1631 2809 1712 2863 his
1739 2809 1945 2872 similia,
1979 2823 2038 2862 ut
2061 2809 2190 2864 idem
2213 2812 2326 2862 cod.
2350 2831 2402 2866 a.
2441 2829 2549 2864 cum

621 2901 771 2940 stitus
792 2888 979 2942 fuisset
1002 2889 1297 2949 castellar,
1331 2891 1468 2958 quod
1489 2892 1542 2942 in
1631 2893 1740 2946 aliis
1773 2891 1954 2952 dabat,
1993 2892 2066 2945 sic
2094 2893 2242 2946 tenui
2257 2912 2274 2954 ;
2315 2895 2548 2962 quamvis

622 2967 720 3036 Ep.
744 2985 830 3034 7¹·
844 2987 958 3038 pag.
974 2985 1100 3033 240,
1125 2987 1205 3038 19·
1223 2971 1368 3023 dabat
1383 2989 1476 3026 ms.
1498 2973 1546 3024 b.

624 3063 737 3098 cum
752 3049 831 3100 ed.
845 3049 993 3099 Rom.
1007 3062 1097 3100 aut
1116 3050 1394 3110 substineat,
1407 3053 1545 3119 quod

620 3125 774 3178 habet
800 3125 962 3178 editio
1000 3127 1151 3181 Rom.
1182 3128 1237 3179 in
1267 3128 1434 3196 Epist.
1459 3131 1542 3186 86.

618 3220 677 3274 p.
697 3219 819 3272 324,
842 3219 927 3254 21.
946 3219 1077 3271 quae
1104 3206 1303 3272 quidem
1330 3209 1538 3276 adopta-

619 3300 679 3336 re
696 3282 925 3336 dubitavi
944 3319 961 3345 ,
981 3285 1331 3337 auctoritatem
1346 3289 1542 3340 vetusti

620 3361 815 3416 codicis
826 3382 875 3416 a.
896 3363 1181 3416 desiderans
1192 3401 1207 3428 ,
1225 3364 1313 3432 qui
1333 3366 1420 3418 illa
1435 3385 1544 3433 par·

624 3453 679 3496 te
697 3443 1033 3510 Epistolcrum
1047 3455 1199 3494 caret.
1216 3444 1436 3498 Subinde
1449 3464 1536 3498 ve-

620 3539 681 3574 to
698 3523 849 3574 etiam
867 3559 884 3585 ,
906 3533 957 3574 at
978 3540 1187 3591 perraro
1207 3536 1373 3576 tamen
1393 3563 1407 3588 ,
1446 3525 1530 3575 in·

591 3601 733 3652 Avito
762 3602 937 3655 eodem
970 3603 1143 3655 codice
1178 3603 1408 3672 (quippe
1429 3622 1534 3656 non

617 3679 749 3736 satis
762 3693 1033 3734 constante
1056 3681 1192 3752 sibi)
1212 3683 1424 3734 verbum
1448 3683 1558 3736 ali-.

614 3757 756 3823 quod
774 3759 833 3811 ad
854 3761 1125 3827 analogiam
1145 3760 1367 3828 reliquae
1401 3760 1536 3812 scri-

616 3832 769 3886 bendi
786 3834 996 3889 rationis
1010 3849 1227 3890 conatus
1240 3852 1357 3888 sum
1370 3836 1528 3890 refin-

1632 2984 1698 3020 οι
1715 2969 1926 3035 paritate
1945 2969 2153 3023 tationis
2164 2973 2399 3026 subcideoe
2411 3011 2430 3033 ,
2445 2975 2550 3024 suh·

1631 3065 1827 3107 ωτι-επ,
1863 3048 2128 3109 οὖσιν-κη.
2165 3051 2429 3118 obponere,
2468 3053 2548 3104 ob-

1625 3129 1814 3194 primere
1849 3129 1998 3180 scribi
2032 3128 2341 3195 debuissets
2365 3149 2542 3200 quem·

1629 3205 1894 3258 admodum
1913 3209 2064 3260 etiam
2082 3209 2338 3278 obcaecat(
2353 3229 2458 3263 non
2477 3232 2550 3263 oe-

1587 3343 1605 3362 ·
1629 3286 1811 3354 caecat)
1831 3302 1943 3337 cum
1965 3275 2143 3340 eodem
2163 3289 2279 3341 cod
2301 3307 2352 3342 a.
2373 3291 2550 3342 editio-

1627 3380 1720 3416 nes
1742 3382 1946 3433 quoque
1969 3384 2149 3420 omnes
2174 3369 2292 3420 inde
2317 3387 2348 3420 a
2367 3371 2546 3437 princi-

1625 3456 1690 3508 pe
1728 3443 1952 3494 Romana
1971 3444 2170 3498 dedere.
2207 3446 2272 3496 Et
2295 3448 2544 3503 simillima

1621 3524 1820 3590 quidem
1852 3526 2046 3578 ratione
2083 3527 2230 3578 etiam
2265 3528 2550 3580 subcumbere

1621 3603 1794 3653 scribit
1833 3603 1996 3656 codex
2027 3607 2279 3657 nos-terh.
2313 3623 2430 3658 cum
2465 3608 2540 3659 ed.

1621 3680 1769 3734 Rom.
1803 3681 1854 3733 in
1882 3685 1976 3749 Ep.
2003 3700 2090 3748 7r.
2117 3703 2170 3751 p.
2196 3701 2327 3748 240,
2352 3702 2437 3749 25.
2461 3687 2542 3739 ubi

1621 3773 1784 3814 tamen
1805 3767 2062 3831 vulgatum
2081 3765 2366 3816 succumbere
2385 3765 2538 3827 tenui,

1619 3841 1856 3909 quoniam
1875 3841 2056 3894 ibidem
2079 3841 2256 3910 paucis
2285 3855 2406 3896 ante
2423 3861 2542 3896 ver-
