2759 4825
723 415 768 465 2
1079 385 1165 456 L.
1217 378 1683 489 ANNAEI
1732 378 2251 451 SENECAE

723 568 944 645 atque
975 546 1433 645 magnificum
1468 560 1569 614 est
1588 594 1609 630 ,
1646 541 1847 635 quo-d
1879 566 2031 611 non
2060 541 2361 635 obvenit
2380 590 2403 627 ,
2434 542 2625 634 quod

647 659 652 665 ’
722 663 916 733 illam
955 655 1086 727 sibi
1114 655 1423 751 quisque
1451 654 1708 739 debet,
1751 652 1955 745 quod
1986 674 2134 721 non
2162 652 2253 721 ab
2284 653 2420 722 alio
2452 653 2623 745 peti-

719 786 862 841 tur.
903 764 1108 870 Quid
1140 764 1429 840 haberes
1452 814 1475 851 ,
1507 760 1717 855 quod
1744 761 1819 831 in
1850 760 2303 853 Philosophia
2333 762 2646 853 suspice?

721 902 864 965 res,
911 877 968 946 si
1005 872 1451 945 beneficiaria
1498 860 1602 942 res
1640 870 1861 941 esset?
1911 868 2143 941 Huius
2180 893 2363 961 opus
2405 892 2626 973 unan

722 1000 863 1074 est,
903 982 995 1055 de
1039 979 1295 1052 divinis
1332 980 1811 1073 humanisque
1851 1001 2105 1047 verum
2147 977 2496 1065 invenire3
2542 979 2626 1049 ab
2718 1012 2725 1023 ·

716 1096 854 1173 hac
877 1104 1280 1185 numquam
1308 1089 1579 1161 recedit
1608 1084 1870 1160 iustitia
1894 1140 1916 1174 ‚
1951 1088 2175 1183 pietas
2192 1138 2215 1177 ,
2244 1088 2524 1187 religio,
2560 1106 2627 1161 et

637 1190 650 1196 ’
719 1203 956 1277 omnis
978 1202 1154 1289 alius
1179 1201 1559 1273 comitatus
1590 1199 1941 1271 virtutum
1982 1208 2465 1271 consertarum
2490 1252 2510 1287 ,
2560 1220 2627 1271 et

716 1312 904 1383 inter
936 1334 1008 1381 se
1051 1309 1609 1381 cohaerentium.
1652 1307 1848 1377 Haec
1882 1306 2132 1379 docuit
2172 1310 2404 1380 colere
2448 1308 2625 1377 divi-

715 1444 850 1505 na,
903 1418 1213 1489 humana
1253 1416 1586 1515 diligere,
1632 1430 1707 1487 et
1748 1440 1965 1510 penes
2012 1417 2201 1515 Deos
2246 1416 2625 1509 imperium

715 1552 902 1615 esse,
952 1527 1138 1599 inter
1163 1526 1489 1597 homines
1519 1527 1996 1611 consortium;
2036 1526 2243 1618 quod
2281 1528 2626 1618 aliquam-
2731 1552 2732 1559 ¹

717 1636 849 1705 diu
873 1633 1297 1731 inviolatum
1323 1636 1605 1722 mansit,
1628 1626 2027 1727 antequam*
2042 1633 2455 1713 societatem
2476 1659 2628 1704 ava-

713 1745 872 1817 ritia
898 1745 1240 1833 distraxit,
1268 1761 1338 1815 et
1361 1746 2017 1839 paupertatis‚causa
2038 1745 2249 1815 etiam
2280 1744 2416 1831 his,
2452 1768 2631 1837 quos

712 1853 886 1923 fecit
909 1852 1536 1943 locupletissimos3
1564 1852 1722 1923 fuit.
1750 1851 2135 1923 Desierunt
2160 1852 2359 1923 enim
2388 1855 2629 1923 omnia

712 1958 1111 2051 possidere,
1153 1957 1333 2027 dum
1376 1959 1643 2027 volunt
1672 1958 1976 2051 propria.
2025 1958 2169 2028 Sed
2198 1959 2413 2050 primi
2442 1984 2631 2031 mor·

603 2152 610 2166 ¹
709 2072 1006 2156 talium,
1058 2067 1338 2161 quique
1379 2092 1471 2139 ex
1514 2067 1623 2139 his
1666 2069 1888 2167 geniti
1920 2082 2249 2139 naturam
2291 2070 2633 2143 inconru·
2731 2122 2732 2143 ι

709 2184 824 2277 pti
861 2181 1390 2275 sequebantur,
1438 2177 1765 2251 eamdem
1806 2177 2169 2250 habebant
2214 2195 2285 2249 et
2318 2178 2582 2251 ducem
2606 2231 2628 2267 ,
2731 2174 2732 2229 ἶ

711 2306 788 2363 et
811 2290 1083 2387 legem,
1123 2286 1479 2359 commissi
1501 2285 1810 2361 melioris
1834 2287 2147 2359 arbitrio.
2183 2288 2514 2386 Naturae
2530 2308 2633 2359 est
2731 2378 2732 2391 ἵ

711 2400 940 2488 enim,
960 2398 1358 2494 potioribus
1380 2397 1725 2472 deteriora
1746 2398 2189 2470 submittere.
2218 2398 2634 2492 Mutis-qui·
2731 2489 2732 2498 ἵ

712 2497 883 2581 dem
909 2509 1235 2608 gregibus
1259 2525 1385 2580 aut
1414 2510 1724 2590 maxima·
1752 2533 2047 2604 corpora
2082 2527 2448 2604 praesunt,
2502 2525 2632 2580 aut
2731 2557 2732 2588 ³

707 2614 1343 2716 vehementissima.
1386 2612 1557 2688 Non
1592 2617 2291 2713 praeceditarmenta
2312 2618 2631 2716 degener
2731 2611 2732 2620 ’

707 2738 952 2796 taurus
969 2774 994 2812 ,
1037 2722 1162 2794 sed
1185 2723 1314 2818 qui
1335 2725 1837 2822 magnitudine
1865 2750 1944 2796 ac
1972 2725 2143 2797 toris
2177 2741 2447 2796 ceteros
2478 2752 2632 2796 ma·
2731 2759 2732 2800 1

707 2857 815 2906 res
837 2834 1038 2919 vicit3
1088 2835 1637 2928 elephantorum
1672 2860 1954 2942 gregem
2000 2837 2634 2926 excellentissimus
2730 2915 2732 2940 ὲ

707 2943 946 3028 ducit3
983 2943 1172 3014 inter
1211 2944 1539 3030 homines
1578 2971 1711 3038 pro
1739 2945 2053 3016 maximo
2099 2963 2199 3016 est
2240 2946 2633 3038 optimum.
2730 2941 2732 3020 J

705 3051 977 3123 Animo
1000 3041 1244 3144 itaque
1267 3070 1501 3141 rector
1521 3052 1946 3150 eligebatu13
1990 3052 2303 3146 ideoque
2342 3080 2631 3126 summa

707 3160 999 3232 felicitas
1021 3179 1166 3231 erat
1185 3164 1515 3259 gentium
1540 3215 1575 3250 ,,
1610 3164 1687 3234 in
1716 3163 1982 3257 quibus
2007 3178 2465 3256 nonpoterat
2492 3190 2630 3258 po-

707 3273 975 3347 tentior
1017 3296 1202 3359 esse,
1245 3273 1373 3344 nisi
1414 3275 1689 3346 melior.
1744 3263 2065 3345 Tantum
2110 3273 2346 3360 enim,
2389 3299 2627 3368 quan-

707 3400 872 3458 tum
896 3385 1091 3472 vult,
1126 3389 1403 3476 potest,
1444 3385 1703 3478 quise,
1746 3383 1877 3456 nisi
1902 3380 2109 3476 quod
2151 3381 2412 3474 debet,
2460 3379 2627 3456 non
2731 3447 2732 3476 2

705 3507 919 3584 putat
942 3515 1162 3586 posse.

805 3600 932 3666 Illo
955 3623 1122 3696 ergo
1145 3599 1378 3692 seculo.
1406 3601 1575 3696 quod
1596 3627 1860 3682 aureum
1876 3599 2247 3700 perhibent,
2268 3619 2462 3697 penes
2483 3597 2625 3667 Sa·-
2731 3675 2732 3680 ἵ

699 3709 948 3804 pientes
958 3707 1178 3804 fuisse
1207 3734 1479 3802 regnum
1495 3762 1518 3783 ‚
1551 3709 1604 3778 P
1626 3728 1675 3782 o
1698 3727 1730 3780 s
1749 3730 1779 3778 1
1800 3731 1851 3780 D
1871 3725 1921 3780 o
1940 3730 1987 3780 N
2004 3728 2034 3776 1
2053 3724 2105 3776 U
2128 3723 2161 3776 s
2198 3701 2485 3776 iudicat.
2514 3703 2619 3774 Hi
2731 3721 2732 3726 ’

707 3813 1172 3900 continebant
1203 3831 1497 3910 mamm,
1540 3838 1611 3892 et
1642 3818 2057 3894 infirmiores
2081 3843 2123 3890 a
2154 3813 2627 3920 vaiidloribus
2731 3911 2732 3914 Ἴ
