2759 4825
665 380 1262 448 EP-ISTOLAM
1323 382 1561 449 xcv.
1966 379 2075 469 ,ει

137 540 274 592 tam
308 528 664 594 existimavi.
745 533 790 594 1.
824 552 901 607 24
935 550 1024 615 sq.
1073 532 1184 593 sine
1211 552 1318 615 qua
1357 534 1423 593 si
1456 531 1633 595 omnia
1668 532 1727 595 in
1755 530 1932 597 animo
1958 560 2081 598 na-

139 629 274 673 tan
292 630 360 687 r,
393 614 684 674 necessaria
709 614 832 675 Itum
855 617 985 677 decr.
1003 639 1008 645 ·
1024 610 1121 675 Sic
1140 636 1196 675 a.
1225 634 1270 674 e.
1294 616 1375 674 Α.
1396 632 1531 675 cum
1558 613 1717 677 Pine.
1774 635 1970 697 =natant
1988 636 2083 683 te-

139 710 297 755 nent
324 694 458 757 fibri
485 713 726 769 omnes3
765 713 844 757 ne
871 696 944 758 de
964 712 1142 758 nutent
1167 695 1427 777 cogites»,
1458 710 1527 757 ut
1552 710 1782 758 xxxv.
1813 717 1835 758 1
1854 718 1956 774 ro,
1981 720 2077 781 25.

134 774 290 839 coll.
311 776 352 837 1.
386 792 478 855 30.
497 790 560 840 et
583 791 823 839 Lxxtv.
846 794 998 857 254,
1025 797 1052 837 ι
1067 776 1246 839 nubi
1262 776 1500 860 quidem
1517 795 1706 850 natat,
1730 796 1856 841 non
1888 799 2078 858 nutat,

137 856 342 919 dabat
375 875 483 919 me.
502 859 648 939 Arg.
668 860 724 918 h.
751 878 890 923 cum
914 876 1026 921 ora
1051 856 1277 921 Erasm.
1845 925 1853 933 ,

233 939 416 1001 Pac.
454 959 553 1017 74.
577 942 618 1001 l.
657 938 751 1005 18.
784 939 1270 1022 etymologiam
1307 962 1466 1023 quam
1493 942 1824 1021 quare-dicent
1853 964 1951 1004 nos
1973 962 2097 1023 non¹

142 1024 468 1082 audeamus.
523 1020 620 1083 Sic
657 1020 831 1103 plane
865 1038 971 1083 ms.
1005 1043 1060 1082 a.
1102 1018 1413 1103 nisi.quod
1455 1022 1828 1107 ethimologian
1863 1024 2082 1087 scribit.

141 1102 560 1185 ethymologiam
581 1103 672 1163 ed.
684 1104 762 1166 R.
790 1101 892 1165 sed
921 1120 1224 1184 perperam
1260 1104 1573 1185 praeponit
1602 1122 1655 1165 et
1676 1105 1949 1185 copulam
1969 1152 1989 1181 ‚
2023 1123 2083 1169 et

144 1184 468 1265 sequentia
490 1184 677 1245 verba
700 1184 934 1258 turbat,
973 1202 1124 1264 quae
1151 1202 1225 1262 ex
1259 1184 1509 1247 coniect.
1543 1185 1881 1253 emendavit
1907 1188 2082 1249 Eras-

145 1283 314 1328 muS.
345 1266 660 1347 ethologiam
681 1285 792 1329 ms.
809 1290 859 1330 c.
876 1267 1184 1347 ethologian:
1206 1266 1292 1325 vel
1315 1266 1713 1349 ethymologiam
1744 1268 1833 1329 ed.
1855 1272 1937 1330 A.
1962 1266 2086 1331 De-

145 1346 343 1427 nique
375 1347 484 1409 vui
525 1366 566 1407 ο
585 1393 604 1423 ,
632 1371 789 1428 quam
814 1367 908 1413 cur
939 1348 1127 1407 aetio
1145 1346 1218 1407 lo
1233 1347 1350 1427 gia
1365 1372 1417 1407 m
1444 1347 1605 1409 dicere
1628 1370 1733 1409 non
1760 1353 2081 1425 audeamus,

147 1444 232 1491 ex
256 1426 339 1489 H.
359 1426 498 1511 Step
540 1428 636 1491 ani
655 1445 717 1491 et
741 1427 964 1491 Mureti
989 1426 1255 1509 speciosa
1283 1428 1370 1489 uti
1420 1446 1495 1491 ue
1519 1429 1944 1494 emendatione.
1967 1430 2085 1494 Sed
2148 1468 2153 1482 ·

147 1508 531 1591 analogiam(
587 1524 695 1573 uto
723 1508 1056 1590 aetiologiam
1098 1448 1535 1592 voluerat3ex
1566 1528 1714 1573 vett.
1743 1510 1871 1572 libr.
1902 1510 2083 1575 etiam
2154 1558 2163 1569 .

150 1590 507 1653 laudaverat
572 1591 683 1655 inc.
703 1610 963 1673 quorum
981 1608 1060 1651 ex
1079 1590 1452 1684 praescripto
1468 1589 1708 1652 delenda
1733 1592 1909 1653 etiam
1936 1611 2087 1655 cen·
2193 1600 2196 1607 '

150 1688 362 1737 suerat
401 1673 525 1735 duo
551 1674 739 1735 verba
773 1670 1188 1754 praecedentia
1207 1716 1228 1745 ,
1265 1690 1541 1732 causatum
1560 1671 1978 1754 inquisitionem,
2020 1691 2090 1738 ut

154 1772 240 1815 ex
265 1754 624 1835 glossemate
650 1755 916 1816 invecta.
998 1753 1038 1814 1.
1059 1771 1139 1814 20
1159 1770 1254 1833 sq.
1273 1754 1453 1813 utilem
1510 1770 1719 1821 uturum
1755 1773 1816 1815 et
1844 1754 2083 1838 descript.

155 1834 260 1897 Sic
280 1850 450 1897 recte
467 1854 571 1897 ms.
597 1857 651 1898 a.
675 1854 813 1899 eum
834 1834 992 1897 Piae.
1034 1829 1345 1915 perperam
1377 1854 1463 1897 vu
1525 1852 1569 1895 o
1592 1854 1735 1910 esse,
1772 1834 1993 1917 absque
2016 1855 2088 1899 et.

157 1918 202 1981 l.
227 1936 328 1980 22.
354 1917 662 1997 ethologiam
701 1935 858 1981 reete
887 1935 994 1979 ms.
1018 1940 1072 1976 a.
1096 1931 1158 1976 et
1174 1916 1265 1977 ed.
1286 1914 1364 1980 A.
1396 1915 1672 1978 Absurde
1696 1934 1905 1979 rursus
1927 1915 2089 1979 aetio-

156 1997 362 2081 logiam
393 1998 491 2060 hic
523 2014 754 2079 ponunt
773 1997 902 2061 edd.
929 2014 988 2058 et
1007 1996 1152 2058 olim
1179 1996 1565 2079 etymologiam.

243 2078 418 2141 Pao.
461 2084 563 2158 7⁸5.
585 2078 624 2141 l.
653 2098 707 2159 ς.
739 2096 896 2140 notas
925 2098 1131 2139 nosse
1159 2094 1318 2139 recte
1355 2097 1467 2141 ms.
1494 2101 1555 2139 a.
1587 2078 1753 2161 quod
1780 2091 1839 2140 et
1864 2076 2090 2143 debue-

139 2172 258 2240 =rat
285 2161 380 2223 ed.
401 2162 478 2221 R.
499 2160 558 2221 in
578 2180 700 2242 qua
729 2180 900 2223 nosce.
930 2158 1235 2239 perperam,
1259 2159 1446 2241 vulgo
1466 2178 1621 2220 notas
1643 2181 1765 2223 esse.
1848 2161 1889 2223 l.
1913 2182 1969 2244 9.
1981 2162 2094 2244 pri-

159 2264 280 2303 mus
308 2258 368 2303 et
411 2243 482 2300 ire
507 2266 630 2305 a.c.
651 2242 822 2303 ΚΛ.
859 2258 982 2303 non
1009 2239 1209 2323 primus
1233 2239 1380 2303 inire.
1430 2240 1593 2303 Tum
1628 2244 1979 2303 min-antes
2012 2242 2092 2305 ii-

159 2321 299 2383 dem
321 2364 342 2397 ,
365 2340 492 2385 non
511 2322 752 2385 minaces.
779 2392 790 2403 Ι
836 2323 878 2385 l.
911 2341 1001 2383 10.
1028 2342 1070 2402 p
1088 2322 1233 2383 σπη’
1249 2365 1272 2393 ,
1308 2339 1435 2382 non
1458 2338 1626 2403 ponto
1639 2368 1662 2395 ,
1687 2340 1791 2383 ms.
1816 2346 1870 2383 a.
1926 2342 2091 2405 ponto

161 2404 255 2466 vel
279 2402 436 2487 ponti
452 2404 545 2468 ed.
561 2405 638 2470 A.
665 2402 970 2486 Corrupte
990 2405 1165 2485 posito
1187 2401 1366 2466 ed.R.
1450 2406 1493 2467 l.
1520 2423 1612 2482 ις.
1638 2402 1818 2466 micat.
1844 2427 1900 2465 a.
1925 2407 1996 2467 R.
2022 2420 2093 2468 ut

165 2485 377 2567 vulga
415 2503 572 2548 nutat
589 2507 634 2549 c.
656 2486 734 2548 A.
819 2488 862 2548 l.
888 2505 978 2568 19.
1005 2485 1112 2546 Sit
1134 2485 1260 2546 mihi
1281 2488 1411 2546 Cato
1428 2486 1804 2568 exprimendus.
1832 2485 1916 2546 Ex
1934 2487 2092 2550 coni.

164 2567 248 2628 sic
273 2567 512 2648 scripsi,
548 2586 660 2649 pro
684 2567 936 2650 vulgato
979 2567 1042 2626 Si
1069 2567 1196 2627 mihi
1215 2585 1332 2628 etc.
1414 2567 1455 2628 l.
1482 2567 1577 2628 26.
1602 2567 1738 2628 sibi
1755 2564 2087 2645 foventibus.

167 2649 313 2721 sibi,
353 2650 398 2708 i.
427 2665 484 2709 e.
517 2649 610 2710 sui
651 2667 860 2723 causa,
893 2667 1066 2710 suum
1102 2648 1162 2708 in
1193 2647 1610 2722 commodum,
1654 2666 1774 2710 non
1812 2649 2094 2727 reipubli-

169 2747 279 2792 cae
299 2747 498 2791 causa.
523 2729 866 2792 Pronomen
903 2729 1062 2800 hoc,
1106 2734 1331 2793 temere
1366 2726 1664 2790 abiectum
1699 2729 1775 2790 ab
1810 2728 2091 2804 Erasmo,

167 2826 510 2892 opportune
555 2810 712 2872 dedit
744 2812 836 2873 ed.
850 2811 924 2872 R.
971 2809 1128 2871 Idem
1170 2810 1491 2870 debuerant
1520 2811 1577 2871 at
1599 2831 1647 2872 e.
1673 2816 1753 2872 A.
1783 2809 1847 2868 in
1874 2810 2091 2890 quibus

169 2890 388 2956 vitiosse
407 2892 502 2952 tibi
525 2893 815 2955 scribitur.
898 2893 936 2952 l.
963 2889 1056 2953 28.
1081 2911 1188 2950 esse
1215 2907 1276 2949 et
1311 2891 1531 2985 teipitbl.
1555 2907 1753 2973 partes.
1790 2885 2090 2956 vtoculam

169 2972 925 3132 “21532.⁰32‘5¹ss?¹12¹3¹.5⁰,
938 2972 1711 3136 ’.zz‘ffzffssssssfssssdffliz
1750 3053 1961 3116 oms...
2002 3070 2100 3122 ..ι

169 3139 266 3198 sed
289 3137 579 3220 particuia
611 3135 673 3197 in
691 3138 781 3198 ed.
813 3136 1051 3218 Bipont.
1072 3150 1132 3196 et
1159 3133 1360 3198 Ruhk.
1442 3134 1481 3196 l.
1515 3155 1583 3196 21
1608 3153 1689 3216 sq.
1722 3156 1879 3218 quum
1909 3136 1965 3196 itt
1977 3157 2093 3220 pu·-

172 3219 361 3280 blicum
388 3235 676 3279 sternerent.
706 3217 874 3299 (scil.
899 3215 1184 3279 Romani.
1205 3216 1232 3298 )
1251 3214 1341 3278 Sic
1361 3233 1523 3277 recte
1556 3238 1608 3276 a.
1629 3240 1676 3277 e.
1701 3219 1780 3279 A.
1816 3235 1939 3278 non
1964 3233 2093 3278 ster-

173 3319 422 3396 nerentur.
502 3301 541 3364 l.
575 3320 673 3384 23.
715 3298 964 3381 adposita
1003 3316 1110 3360 ωε.
1131 3320 1187 3360 a.
1217 3314 1278 3360 et
1309 3297 1555 3382 apposita
1577 3295 1666 3362 ed.
1684 3297 1765 3360 A.
1805 3315 1925 3360 non
1957 3319 2093 3383 pro-

166 3401 424 3524 Ρωὲῒσ.
445 3481 546 3542 77.
573 3462 613 3524 l.
649 3480 702 3522 ι.
751 3477 806 3524 et
831 3461 901 3522 in
945 3460 1036 3522 mi
1050 3460 1110 3520 lt
1127 3460 1188 3521 ie
1205 3483 1282 3522 ns
1315 3463 1603 3539 conflatum
1646 3475 1755 3521 ms.
1787 3481 1843 3518 a.
1884 3457 2092 3539 (quod

176 3543 420 3626 intelligi
455 3559 688 3626 poterat
721 3546 1002 3622 conflatum
1041 3542 1100 3602 in
1142 3542 1436 3622 ingentem
1477 3539 1765 3622 pecuniae
1801 3557 2091 3616 summam

175 3627 548 3710 procusum.)
603 3623 696 3687 Sic
730 3623 869 3685 item
909 3625 1000 3686 ed.
1017 3625 1090 3685 R.
1118 3640 1179 3683 et
1215 3621 1463 3685 Gruteri
1508 3621 1686 3682 codd.
1726 3637 1972 3695 omnes,
2028 3621 2093 3682 in

177 3707 398 3790 quibus
423 3707 659 3788 quidem
703 3705 910 3779 milies,
945 3722 1060 3787 pro
1095 3721 1298 3776 more,
1347 3701 1599 3783 simplici
1631 3703 1657 3762 l
1684 3701 1855 3764 litera
1885 3700 2093 3764 scribi-

175 3805 290 3852 tur.
318 3786 558 3850 vitiose
583 3787 640 3847 in
665 3787 852 3849 milites
869 3785 960 3850 ed.
981 3783 1082 3849 Er.
1137 3784 1196 3845 in
1217 3787 1322 3847 vile
1339 3805 1395 3846 es
1430 3784 1512 3869 (ᾗ
1536 3801 1587 3844 e.
1612 3783 1667 3843 in
1698 3783 1803 3844 vile
1836 3784 1964 3865 aes)
1984 3801 2093 3848 ms·

178 3891 227 3934 c.
247 3869 518 3936 cred-A.
545 3868 820 3954 Vulgo-tt
850 3868 1118 3949 millies
1146 3869 1474 3950 conflatum,
1516 3863 1783 3953 (absque
1814 3881 1962 3932 voc.
1988 3864 2089 3948 in)
2208 3943 2221 3952 α
