2759 4825
672 379 1298 484 EPIs'TOLAM
1368 418 1520 485 xt..
1948 422 2063 507 ,ις

106 565 261 627 enm.
314 560 415 629 Sic
444 558 535 627 ed.
562 560 780 627 Matth.
807 583 945 628 cum
976 565 1107 627 aliis
1154 563 1289 628 inde
1324 585 1360 629 a
1397 550 1657 629 Mureto.
1699 560 1895 631 Adiici
1925 580 2070 647 post
2121 616 2126 623 .

108 666 331 711 necesse
354 664 433 706 ese
462 638 744 709 debuerat
762 648 1050 731 particula
1076 649 1281 722 enim,
1317 666 1500 730 quam
1533 664 1568 710 a
1599 646 1869 711 Grutero
1892 654 2065 711 com-'

108 727 463 789 mendatam
508 728 774 811 reposuit
807 728 1015 791 Ruhk.
1058 741 1521 812 agnoscuntque
1564 728 1694 792 edd.
1735 743 1886 792 vett.
1925 746 2065 792 cum

112 826 273 869 mss.
300 811 353 870 b.
382 829 434 871 e.
467 808 624 871 Idem
661 810 809 893 Arg.
837 813 885 873 b.
922 812 1099 874 etiam
1132 828 1254 874 una
1301 812 1524 874 vocula
1559 810 1822 885 auctius,
1865 831 2064 872 necesse

110 907 203 949 cst
222 891 365 951 enim
385 908 447 952 ιιι
471 890 528 952 ln
550 893 784 954 inmens.
892 892 959 955 L.
990 910 1053 971 3¹
1096 910 1249 955 extr.
1283 908 1342 953 et
1378 894 1553 956 PAG.
1595 891 1723 955 118.
1759 894 1800 953 l.
1831 913 1879 952 1.
1915 892 2066 952 Illa

112 970 265 1033 enim
292 973 452 1032 habet
467 994 619 1035 suum
632 974 815 1051 finem.
852 972 1107 1055 corrige
1134 976 1263 1037 Ille
1287 974 1418 1035 enim
1459 973 1621 1056 (scil.
1651 975 1920 1035 naturalis
1945 994 2068 1035 mo·

116 1053 279 1125 dus)
316 1054 745 1135 praeeuntibus
777 1054 909 1119 edd.
940 1071 1092 1117 vett.
1132 1073 1194 1118 et
1228 1074 1364 1117 mss.
1392 1060 1444 1117 b.
1473 1076 1520 1117 e.
1557 1054 1792 1117 Vitiosa
1810 1055 2065 1133 seriptu-

114 1152 189 1197 m
210 1180 231 1209 ,
266 1136 407 1197 inde
439 1138 517 1196 ab
552 1135 649 1199 ed.
678 1136 842 1205 Mur.
880 1138 939 1199 in
974 1138 1121 1201 alias·
1143 1155 1394 1213 omnes,
1421 1137 1660 1201 nemine
1688 1136 2085 1198 animadvers

114 1231 297 1359 2322?
310 1218 1916 1395 zmegma...2325'512153'55231135535
1917 1240 2067 1361 Εἴ.

116 1395 273 1445 ante
299 1396 564 1443 nostram
594 1398 801 1445 omnes
839 1396 1220 1465 mtgraverat.

782 1496 1412 1589 amsi-ext..

210 1642 339 1706 Bu.
383 1661 435 1720 3.
470 1658 529 1706 ut
560 1640 856 1739 ηονιζςιιίη
898 1635 1053 1707 unus
1092 1658 1301 1708 noster
1338 1644 1534 1707 ms.‘b.
1569 1643 1922 1719 commode,
1963 1642 2066 1707 sed

122 1740 206 1787 ex
234 1725 490 1790 scholio.
526 1724 599 1787 Et
614 1725 755 1789 alibi
774 1727 946 1791 istam
967 1726 1281 1790 formulam
1299 1771 1317 1801 ,
1336 1743 1399 1787 ut
1415 1746 1558 1798 non,
1585 1745 1698 1806 pro
1719 1728 1879 1806 quin,
1905 1742 2069 1789 amat

125 1806 404 1870 Senecae
445 1806 614 1870 velut
634 1807 743 1887 Ep.
774 1822 969 1871 xclv.
1000 1828 1057 1889 p.
1097 1809 1208 1883 46,
1237 1806 1296 1870 8.
1334 1806 1438 1869 ubi
1463 1820 1628 1870 tenet
1658 1826 1846 1868 utnon
1885 1822 2066 1869 vetus

124 1906 334 1953 noster
371 1888 506 1951 cod.
535 1907 771 1952 a..cum
815 1890 905 1952 ed.
934 1890 1016 1955 R.
1055 1888 1153 1951 sed
1194 1907 1305 1951 ms.
1330 1911 1375 1950 e.
1413 1906 1548 1951 cum
1578 1888 1768 1950 ed.A.
1811 1888 1918 1949 nisi
1950 1891 2066 1950 ha-

124 1968 270 2044 bet,
309 1990 385 2033 ex
422 1970 678 2035 scholio.
760 1972 800 2033 l.
835 1992 925 2053 ¹3·
958 1974 1119 2035 verba*
1156 1971 1476 2033 convolvere.
1519 1966 1617 2031 Sic
1655 1970 1784 2033 edd.
1816 1969 1951 2033 inde
1989 1970 2065 2033 ab

128 2048 423 2128 hasmo,
445 2050 720 2135 exipsius
741 2052 980 2134 quidem
1005 2053 1232 2135 (puto)
1252 2051 1516 2133 ingenio,
1538 2051 1638 2146 sed
1659 2069 1848 2114 recte:
1869 2048 1940 2115 cf.
1954 2067 2063 2114 m.

132 2133 1042 2296 :022532333'2333325534
1062 2132 2070 2291 ῗὲςΐξῖἷέωῗὶἷῗέεἳῖῗῗῗὲἔῖιῖἕ

132 2293 281 2357 facit
316 2297 374 2358 id
410 2298 575 2377 quod
609 2295 741 2358 dein
782 2298 842 2359 in
871 2299 1070 2359 eadem
1106 2295 1219 2360 hae
1253 2295 1435 2377 Epist.
1463 2316 1520 2377 p.
1547 2314 1679 2357 ιιι.
1709 2296 1750 2357 1.
1769 2316 1828 2371 4.
1850 2296 1925 2359 de
1945 2296 2067 2359 alio

126 2376 381 2442 homine
414 2376 811 2456 memoratur,
835 2380 1054 2464 singula
1082 2380 1234 2443 verba
1252 2379 1486 2440 vellenee.
1570 2378 1716 2439 Ead.
1744 2378 1784 2439 ἱ.
1821 2396 1911 2458 ¹³·
1935 2400 2070 2461 quae

129 2482 241 2521 non
276 2456 539 2544 effimdit,
566 2463 721 2523 immo
744 2463 939 2541 premit.
966 2463 1213 2522 Variam
1238 2460 1389 2522 libri.
1448 2481 1545 2545 uqe
1573 2467 1686 2520 'non
1708 2457 1934 2541 effimdie
1957 2483 2068 2521 una

130 2563 247 2603 vox
273 2547 369 2604 sed
382 2545 571 2620 premit
591 2543 685 2608 ed.
708 2547 781 2607 R.
815 2545 999 2626 idque
1022 2561 1057 2605 a
1086 2542 1251 2606 Pinc.
1290 2558 1350 2604 et
1440 2557 1555 2602 rut.
1580 2541 2067 2616 commendatum

131 2624 369 2705 recepit
389 2623 593 2686 Ruhk.
632 2647 763 2706 quae
796 2648 901 2689 non
928 2622 1145 2711 effundit
1167 2645 1277 2686 una
1299 2645 1424 2686 voce
1456 2625 1551 2683 sed
1563 2624 1750 2706 premit
1769 2623 1861 2686 ed.
1882 2623 1963 2683 A.
2003 2640 2067 2685 et

133 2724 242 2770 ms·
271 2726 323 2766 c.
358 2729 489 2788 quae
506 2707 858 2850 nonfiffbndh
883 2731 994 2770 una
1008 2751 1033 2778 ,
1062 2709 1157 2768 sed
1174 2705 1365 2788 premit
1394 2723 1502 2767 ms.
1525 2707 1582 2767 h.
1622 2721 1682 2768 et
1713 2703 1808 2768 ed.
1839 2701 2064 2766 Erasm‘.

130 2785 409 2870 aliaeque
441 2801 577 2850 ante
681 2787 824 2850 uhk.
874 2786 1067 2851 Nobis
1106 2789 1260 2850 istud
1291 2785 1554 2872 placuit,
1585 2787 1752 2870 quod
1783 2787 1844 2848 in
1882 2803 2068 2849 vetu-

130 2871 429 2933 stioribus
448 2865 714 2931 Pinciani
748 2869 905 2932 libris
935 2869 1253 2953 legebatur.
1745 2941 1752 2946 ,
1823 2864 1844 2890 “

218 2951 397 3013 PAG.
430 2970 453 3012 ι
472 2971 493 3010 1
544 2996 558 3011 .
590 2953 627 3014 1.
644 2949 842 3014 8.-10.
880 2953 1043 3012 istam
1071 2952 1179 3014 vim
1200 2985 1285 3000 --
1306 2949 1606 3034 -aptz‘orem
1635 2973 1746 3012 esse
1771 2947 2065 3015 circulami.

114 3027 230 3094 'Sic
257 3051 422 3094 recte
444 3053 478 3094 e
514 3076 532 3095 .
553 3031 704 3116 Lips.
727 3049 789 3094 et
810 3033 1005 3096 Gron.
1026 3049 1094 3096 ut
1118 3051 1375 3097 suaserat
1401 3030 1554 3115 Ops.
1603 3053 1663 3096 ut
1679 3032 1836 3094 istam
1865 3077 1882 3096 .
1898 3075 1944 3094 ..
1971 3033 2072 3094 eir.

133 3114 343 3174 eulanu’
360 3113 553 3174 iudices
574 3116 666 3177 ed.
692 3113 784 3178 Er.
811 3132 868 3178 et
894 3115 1056 3177 Mur.
1093 3115 1255 3196 quod
1285 3116 1601 3179 revocavit
1631 3113 1835 3178 Ruhk.
1866 3113 1940 3176 In
1969 3113 2070 3178 ed.

128 3191 363 3258 Matth.
380 3199 593 3258 omissa
608 3197 845 3278 quidem
866 3214 954 3260 est
973 3215 1037 3258 ut
1054 3196 1358 3277 particula,
1375 3196 1483 3259 sed
1498 3213 1800 3260 servatum
1815 3195 2068 3259 verbum

130 3277 352 3340 iudces.
378 3277 501 3339 Iam
530 3297 592 3340 ιιι
617 3296 822 3340 tenent
848 3277 1086 3362 quidem
1114 3277 1244 3340 edd.
1285 3293 1438 3341 verr.
1465 3294 1526 3342 et
1561 3277 1825 3360 plerique
1867 3277 2027 3340 mssti
2045 3321 2068 3351 ,

130 3377 360 3439 nempe
392 3376 614 3424 temere
646 3360 1059 3444 interpolatam
1094 3360 1482 3446 particulam,
1510 3377 1666 3442 quae
1699 3357 2070 3441 praecedenti

132 3441 211 3502 sic
240 3441 661 3522 responderet:
698 3443 803 3503 sed
847 3443 1099 3504 verbum
1137 3442 1335 3505 iudices
1361 3442 1528 3503 abest
1561 3459 1671 3503 ms.
1701 3443 1754 3502 b.
1784 3457 1845 3502 et
1878 3439 2070 3502 tribus

132 3521 296 3604 Ops.
330 3538 426 3598 et,
458 3541 589 3586 esse
617 3523 733 3585 h'oc
769 3523 1017 3585 verbum
1040 3543 1114 3584 ex
1153 3524 1386 3586 scribae
1419 3523 1667 3585 alicuius
1699 3520 1941 3602 ingenio
1963 3519 2072 3582 ad-

132 3621 341 3666 sutum
357 3649 378 3677 ‚
410 3605 549 3666 satis
575 3606 815 3688 adparet
839 3625 910 3665 ex
944 3605 1231 3666 librorum
1270 3606 1535 3667 dissensu
1557 3649 1578 3679 ,
1615 3621 1651 3664 e
1669 3604 1888 3685 quibus
1911 3621 2070 3666 unus

134 3683 455 3769 Opsopoei
486 3688 627 3748 scias
657 3687 946 3759 habebat,
976 3689 1157 3748 eredas
1178 3706 1327 3748 vero
1350 3685 1447 3749 ed.
1467 3686 1545 3749 R.
1571 3707 1858 3770 cognoscas
1879 3684 1970 3745 ed.
1987 3685 2068 3749 Α.

132 3791 269 3912 333?
268 3768 411 3912 ⁰12⁶}ss
440 3767 1007 3928 35255335‘1‘2255
1031 3769 1673 3913 ³2255122‘30'22‘2‘233
1697 3765 2070 3914 ἶξζῗώῑῗᾶ

132 3871 399 4015 vulgato
422 3949 603 3996 nemo
621 3931 797 3998 facile
816 3951 955 4016 prae
1079 3932 1174 3997 rit.
1204 3873 1246 3934 P
1339 3873 1382 3934 P
1459 3873 1504 3934 p
1902 3868 1942 3933 q
