2759 4825
588 380 1741 499 Ety1s‘roLAxcn.
2034 371 2191 488 ις’

186 556 610 650 alitum-que
624 606 648 641 ,
672 570 972 649 propter
997 555 1232 649 ipsum
1261 556 1653 650 principale
1675 556 1889 629 nobis
1912 552 2127 629 datas.

191 669 288 737 In
311 670 452 739 hoc
470 666 852 762 principali
879 682 981 737 est
1001 665 1278 759 aliquid
1308 666 1729 741 inrationale
1746 718 1769 755 ,
1804 683 1907 739 est
1934 682 2011 739 et
2036 676 2157 739 ra·'

191 777 490 848 tionale.
526 776 724 847 Illud
769 776 940 848 huic
961 777 1206 862 servit3
1251 776 1395 848 hoc
1446 800 1681 849 unum
1728 793 1870 865 est,
1926 775 2136 868 quod

190 884 342 953 alio
387 906 542 954 non
565 880 876 953 refertur
895 932 918 969 ,
961 880 1086 952 sed
1120 881 1362 953 omnia
1389 882 1481 952 ad
1506 907 1579 953 se
1606 881 1889 975 perfert.
1941 881 2135 953 Nam

187 990 316 1063 illa
337 1012 652 1083 quoque
693 986 936 1059 divina
959 990 1138 1061 tatio
1175 989 1529 1061 omnibus
1556 990 1951 1084 praeposita
1990 1006 2135 1076 est,

191 1100 352 1193 ipsa
384 1100 522 1171 sub
549 1100 760 1169 nullo
803 1115 938 1183 est3
995 1113 1066 1169 et
1107 1098 1282 1169 haec
1325 1114 1569 1169 autem
1606 1115 1847 1171 nostra
1882 1099 2136 1172 eadem

195 1228 303 1281 est
318 1262 345 1299 ,
375 1233 564 1303 quae
589 1234 682 1279 ex
707 1210 838 1279 illa
849 1226 970 1281 est.
1004 1205 1080 1279 Si
1104 1208 1198 1280 de
1221 1208 1409 1279 hoc
1388 1224 1577 1281 mter
1605 1232 1737 1281 nos
1764 1178 2138 1297 eonvenitg

195 1320 530 1413 sequitur
560 1334 650 1389 ut
675 1318 768 1389 de
795 1318 922 1387 illo
947 1340 1250 1411 quoque
1271 1318 1691 1405 conveniat,
1714 1318 1790 1389 in
1818 1319 1957 1391 hoc
1981 1340 2139 1389 uno

198 1432 506 1522 positam
535 1452 684 1497 esse
707 1426 990 1499 beatam
1015 1427 1238 1497 vitam
1259 1479 1281 1513 ,
1308 1442 1393 1499 ut
1416 1428 1495 1499 in
1522 1427 1731 1499 nobis
1752 1429 1935 1499 ratio
1958 1452 2127 1521 per-

197 1539 388 1609 fecta
407 1538 518 1607 sit.
552 1538 754 1609 Haec
783 1539 978 1608 enim
1019 1539 1164 1607 sola
1193 1561 1348 1607 non
1367 1539 1727 1615 submittit
1758 1537 2133 1609 animum·
2106 1588 2132 1625 ,

199 1662 338 1717 stat
344 1665 623 1764 ..contra
647 1646 1054 1724 fortunam·
1033 1697 1056 1733 ,
1101 1646 1180 1719 in
1227 1647 1560 1739 quolibet
1597 1672 1839 1719 rerum
1878 1647 2135 1718 habitu

202 1777 484 1826 securos
499 1772 751 1826 servat.
781 1753 886 1823 ld·
874 1771 1136 1827 ·autem
1175 1778 1411 1823 unum
1442 1755 1723 1827 bonum
1758 1770 1897 1840 est,
1930 1752 2139 1845 quod
2222 1788 2239 1805 0

201 1888 613 1955 numquam
655 1862 1100 1959 defringitur.
1149 1860 1214 1931 Is
1257 1880 1397 1949 est,
1446 1863 1783 1954 inquam,
1835 1862 2087 1933 beatus
2108 1892 2138 1949 ,·

207 1998 430 2066 quem
474 1974 674 2043 nulla
709 1996 816 2043 res
837 1976 1194 2043 minorem
1234 1971 1403 2043 facit
1415 1998 1437 2057 ;
1485 1986 1685 2043 tenet
1708 1995 1985 2043 summa
2006 2022 2029 2059 ,
2064 1986 2140 2043 et

201 2106 298 2153 ne
335 2082 466 2151 ulti
491 2080 840 2173 quidem,
883 2080 1009 2149 nisi
1049 2078 1222 2167 sibi,
1269 2098 1374 2151 est
1412 2081 1735 2153 innixus:
1778 2105 1947 2151 nam
2004 2080 2141 2173 qui

202 2191 448 2282 aliquo
473 2188 746 2259 auxilio
772 2187 1194 2275 sustinetur,
1240 2203 1479 2281 potest
1508 2188 1779 2260 cadere·
1834 2186 1913 2257 Si
1938 2187 2145 2259 aliter

209 2315 310 2366 est
332 2295 738 2389 ,incipient
761 2295 1125 2365 multum
1108 2317 1186 2365 m
1211 2294 1420 2364 nobis
1444 2296 1678 2366 valere
1708 2320 1857 2367 non
1882 2311 2139 2366 nostra·

209 2407 394 2513 Quis
418 2422 666 2478 autem
694 2405 856 2476 vult
877 2419 1196 2474 constare
1218 2388 1539 2491 fortuna,
1550 2419 1679 2476 aut
1704 2403 1861 2499 quis
1884 2428 2146 2499 septu-

211 2521 384 2590 dens
413 2518 514 2590 ob
547 2520 776 2589 aliena
801 2515 1142 2588 miratur?
1180 2516 1387 2620 Quid
1414 2535 1516 2587 est
1546 2516 1753 2588 beata
1782 2517 1977 2588 vita?
2037 2541 2147 2586 se·-

205 2629 463 2700 curitas
501 2645 576 2698 et
601 2645 948 2721 perpetua
977 2626 1467 2718 tranquillitas.
1520 2625 1726 2696 Hanc
1766 2625 1968 2696 dabit
1990 2625 2143 2697 ani-

211 2741 314 2810 mi
340 2737 782 2834 magnitudo
792 2761 812 2821 3
855 2734 1056 2808 dabit
1085 2735 1481 2806 constantia
1507 2734 1695 2804 bene
1722 2734 2015 2804 iudicati
2041 2751 2147 2804 te·
2230 2785 2235 2796 .

214 2870 377 2920 nax.
413 2845 534 2914 Ad
563 2845 739 2922 haec
768 2842 1148 2936 quomodo
1175 2842 1587 2934 petvenitut
1606 2841 1641 2910 Ρ
1668 2841 1723 2910 si
1749 2841 1998 2910 veritas
2029 2857 2147 2911 to·-

213 2976 284 3028 ta
317 2970 687 3050 perspecta
729 2971 830 3024 est
845 2980 871 3041 3
917 2954 974 3024 si
1011 2973 1324 3024 servatus
1353 2968 1461 3024 est
1502 2950 1578 3024 in
1612 2950 1827 3022 rebus
1860 2949 2147 3047 agendis

215 3068 398 3139 ordo
422 3117 445 3152 ‚
483 3064 749 3136 modus
769 3115 792 3152 ,
835 3063 1088 3150 decor,
1117 3062 1413 3134 innoxia
1439 3063 1769 3134 voluntas
1810 3085 1889 3132 ac
1932 3060 2143 3130 beni-

225 3200 395 3270 gna,
428 3174 712 3244 intenta
751 3173 1012 3244 rationi
1033 3223 1056 3260 ,
1107 3195 1242 3244 nec
1281 3195 1634 3264 umquam
1679 3171 1771 3240 ab
1810 3171 1925 3240 illa
1954 3191 2149 3242 rece-

226 3284 436 3370 dens,
467 3282 792 3352 amabilis
820 3279 1034 3353 'simul
1054 3332 1078 3369 ,
1112 3281 1619 3374 mitabilisque.
1650 3279 2018 3372 Denique,
2060 3291 2151 3374 ut}

219 3392 534 3464 brevitet
571 3391 710 3462 tibi
736 3390 1119 3463 formulam
1144 3391 1482 3478 scribam,
1526 3389 1675 3462 talis
1708 3390 1983 3460 animus
2004 3411 2153 3458 esse

220 3505 549 3598 sapientis
590 3503 725 3575 viri
758 3503 1018 3591 debet,
1067 3504 1296 3597 qualis
1327 3503 1578 3574 Deum
1620 3501 1883 3573 deceat.
1942 3498 2149 3604 Quid

221 3632 458 3710 potest
501 3616 907 3688 desiderare
945 3615 1036 3702 is,
1090 3617 1206 3686 cui
1255 3615 1501 3687 omnia
1542 3616 1839 3686 honesta
1866 3605 2149 3682 contin-

165 3766 174 3775 ·
219 3725 450 3820 gunt?
489 3725 682 3796 Nam
723 3725 780 3796 si
813 3740 1110 3818 possunt
1146 3724 1425 3816 aliquid
1461 3746 1612 3792 non
1647 3721 1941 3792 honesta
1972 3743 2146 3793 con-

215 3837 396 3908 ferre
433 3833 530 3908 ad
575 3835 956 3932 optimum.
985 3850 1250 3908 statum
1271 3885 1299 3926 ,
1354 3834 1437 3904 in
1474 3833 1581 3904 his
1616 3830 1747 3904 erit
1769 3831 1973 3904 beata
2008 3831 2151 3902 vita
