2759 4825
622 386 745 474 298
1078 321 1436 451 noa-Ais
1487 382 1600 449 m
1645 378 2108 449 sam-:calz

622 532 677 594 .ςὶ
702 527 943 615 poterit.
962 524 1125 593 Tum
1160 528 1384 593 ironica
1411 545 1471 593 et
1501 525 1733 593 mimica
1757 526 1786 623 ζ
1809 542 1878 593 ut
1907 526 2106 611 soler)
2137 526 2420 591 oratione
2435 518 2570 609 pere

540 628 548 637 ·
624 615 711 697 git
730 636 749 675 ε
783 613 1018 677 Admitte
1042 612 1173 677 istos
1190 628 1307 676 etc.
1335 611 1398 673 id
1425 626 1552 675 est:
1589 610 1656 672 Id
1677 610 1738 671 ni
1769 627 1854 671 ita
1885 624 2044 672 esset
2062 652 2084 685 ‚
2127 609 2387 673 dicerem
2411 610 2564 689 tibi,

624 695 839 757 admitte
885 696 1019 757 istos
1062 709 1178 756 etc.
1216 693 1372 755 Nam
1413 692 1660 767 adraim,
1707 709 1832 753 non
1879 694 1999 770 (ut
2045 691 2279 774 vulgo)
2319 692 2570 753 admittes

486 848 497 859 ⁴
623 777 837 839 dedere
870 795 1006 841 mss.
1038 776 1187 859 Arg.
1226 778 1278 837 b.
1304 774 1436 836 Par.
1466 776 1519 836 b.
1553 778 1611 837 d.
1654 790 1716 835 et
1753 772 1860 835 alii
1887 772 2048 855 apud
2087 771 2340 867 Ops-‘et
2377 770 2566 836 Grut.

624 858 667 921 1.
706 878 760 937 ς.
810 860 1001 919 buccas
1046 876 1113 918 ee
1164 861 1405 918 dentes
1451 874 1529 918 ex
1577 854 1827 918 Gruteri
1863 854 2121 917 coniecr.
2155 854 2404 937 scripsit
2451 874 2564 940 pro

622 958 757 1021 quo
790 940 839 1001 si
872 939 1009 1021 quis
1043 937 1353 1021 vulgatum
1388 940 1584 1002 buccas
1615 935 1894 999 edentis
1937 936 2042 1017 (in
2087 936 2257 1018 quod
2301 952 2570 999 conse-n-

626 1022 789 1083 tiunt
808 1020 1015 1103 mssti)
1050 1020 1380 1103 repositum
1407 1019 1674 1083 voluerit
1689 1064 1710 1095 ,
1745 1036 1850 1099 per
1885 1037 1980 1080 me
2013 1016 2089 1079 sit
2121 1017 2376 1079 licitum.
2409 1016 2570 1081 Illud

626 1120 882 1177 moneo,
914 1122 1033 1183 pro
1084 1102 1507 1165 terminatione
1543 1124 1598 1162 es
1631 1100 1947 1162 nominum
1983 1098 2296 1181 pluralium
2345 1100 2570 1163 tertiae

628 1182 1043 1246 declinationis
1061 1229 1083 1258 ‚
1131 1182 1476 1265 frequenter
1511 1183 1576 1247 in
1612 1182 1772 1244 libris
1811 1182 2034 1243 nostris
2070 1180 2330 1264 priscam
2358 1182 2572 1243 termi-

528 1284 531 1292 ·
628 1265 939 1328 nationem
971 1266 1021 1326 is
1060 1283 1394 1347 superesse.
1477 1265 1521 1327 Ι.
1543 1266 1604 1326 6.
1633 1267 1880 1346 procedat
1913 1263 2110 1325 mssti..
2128 1262 2258 1325 Vul
2299 1282 2346 1325 o
2439 1284 2573 1325 oee-

628 1350 733 1409 det.
790 1347 911 1429 l.-9.
940 1350 1126 1427 Usque
1148 1368 1206 1407 eo
1228 1346 1320 1407 ed.
1338 1348 1412 1406 R.
1431 1363 1566 1409 cum
1589 1364 1700 1409 ms.
1721 1346 1870 1427 Arg.
1894 1346 1946 1405 b.
1965 1360 2026 1407 et
2041 1342 2169 1406 Par.
2185 1368 2240 1407 a.
2295 1386 2313 1406 .
2377 1388 2396 1407 .
2419 1345 2574 1408 Vul-

627 1432 1055 1590 {asses-‘134
1090 1428 1149 1571 ἔξ,
1166 1425 1375 1571 ’ςῖἐῖῗ
1395 1424 2580 1589 ζῖῑέἐξὲξηῖοέἓῗὲῗῗὲήὲἒὲὶἶῆῖὲἱῗέ.

631 1592 857 1686 perisse
880 1610 944 1655 se
979 1592 1065 1651 ait
1102 1590 1422 1685 Pincianus
1440 1634 1460 1663 ,
1495 1590 1652 1651 unde
1687 1590 1912 1670 recepit
1948 1590 2105 1651 Mur.
2133 1589 2218 1650 At
2240 1591 2393 1652 baec
2426 1589 2578 1653 scri-

630 1688 808 1818 siz?
820 1670 1696 1837 325532‘352331‘305323333
1708 1669 2098 1833 :3952332
2120 1670 2225 1813 ‘13ss}
2253 1671 2440 1815 5³32
2443 1669 2578 1837 913}

632 1836 953 1897 hendendis
993 1835 1199 1911 vitiis,
1240 1835 1345 1897 sed
1380 1834 1452 1897 de
1485 1833 1930 1897 exercitatione·
1955 1834 2266 1916 corporis,
2307 1853 2476 1917 quae
2513 1832 2581 1895 fit

632 1916 1025 1979 declamando
1055 1932 1116 1979 et
1158 1934 1375 1979 vocem
1413 1915 1788 1977 intendendo.
1827 1914 2035 1977 Nostri
2076 1915 2252 1978 codd.
2275 1928 2364 1979 ‘et
2395 1915 2580 1979 Paris·-

632 2013 693 2061 et
720 1993 929 2059 otrfies
955 1996 1268 2079 Opsopoei
1297 2012 1361 2059 et
1391 1995 1638 2059 Gruteri
1668 1996 1863 2059 uicinis
1887 1996 2146 2073 dabant3
2189 2016 2313 2059 non
2354 1998 2418 2058 id
2441 1998 2580 2079 qui-

630 2082 763 2141 dem
800 2078 1046 2153 melius,
1079 2079 1181 2141 sed
1200 2097 1323 2140 non
1358 2078 1572 2140 dubito
1593 2079 1864 2140 eamdem
1882 2080 2236 2159 scripturam
2270 2078 2582 2157 exhibuis-

552 2226 555 2229 ,
630 2178 696 2221 se
722 2160 984 2233 Pinciani
1009 2161 1247 2222 codices
1266 2159 1404 2221 illos
1423 2206 1442 2234 ,
1471 2178 1628 2241 quos
1653 2159 1752 2221 ille
1787 2159 1943 2222 viciis
1975 2160 2082 2221 vel
2113 2162 2266 2221 vitiis
2300 2162 2446 2223 dare
2472 2161 2580 2223 de-

633 2242 839 2303 buisse
878 2242 1342 2305 existimaverat.
1377 2240 1531 2303 Pleri
1577 2260 1658 2303 ue
1685 2240 1952 2303 eiusdem
1993 2240 2256 2305 Pinciani
2289 2242 2478 2305 codd.
2523 2242 2581 2302 in

636 2323 826 2384 cives
850 2322 1104 2397 dabant,
1136 2324 1301 2404 quod
1334 2342 1400 2385 et
1429 2320 1520 2383 ed.
1603 2339 1804 2385 om.et
1823 2322 1973 2384 aliae
1997 2338 2132 2387 ante
2166 2322 2328 2385 Mur.
2351 2340 2580 2403 tenue-

634 2423 815 2467 runt:
849 2425 967 2488 qua
1000 2405 1062 2467 in
1089 2404 1379 2488 scriptura
1413 2404 1691 2486 equidem
1715 2404 2145 2488 mihipersuasi
2171 2404 2360 2468 latere
2376 2404 2582 2482 istam,

634 2489 694 2548 in
728 2489 961 2560 vices,
1002 2487 1087 2565 (i.
1110 2505 1165 2550 e.
1198 2487 1440 2549 alternis
1473 2486 1762 2569 vicibus)
1797 2504 1976 2569 quam
2015 2487 2194 2550 unice
2228 2505 2436 2551 veram
2475 2488 2578 2549 iu·-

588 2591 597 2596 ·
630 2568 852 2631 dicavi.
891 2567 1137 2630 Nullum
1159 2567 1536 2631 librariorum
1569 2567 1836 2651 sphalma
1863 2567 2265 2650 frequentius,
2302 2587 2485 2651 quam
2504 2569 2584 2630 li-

632 2661 900 2713 terarum
927 2651 1315 2730 quarumdam
1340 2667 1445 2711 aut
1469 2649 1836 2732 syllabarum
1871 2649 1932 2710 in
1961 2650 2354 2729 eadem-voce
2377 2666 2584 2712 trans-

634 2733 882 2814 positio.
918 2733 1031 2794 Fu
1064 2731 1359 2793 convicium
1391 2731 1446 2792 h.
1477 2732 1516 2792 l.
1548 2731 1700 2792 idem
1729 2732 1893 2794 valet
1921 2749 1991 2792 ac
2023 2733 2262 2794 declama
2275 2777 2300 2805 ,
2334 2732 2418 2793 nil
2459 2749 2584 2792 am·-

636 2813 810 2895 plius.
910 2813 951 2874 1.
1001 2833 1090 2894 ¹5·
1122 2831 1170 2872 te
1210 2813 1507 2874 hortabitur
1531 2831 1582 2872 et
1612 2814 1775 2876 latus.
1810 2815 2135 2874 Modesta
2179 2829 2296 2877 etc.
2337 2811 2584 2876 Cerrius

637 2887 783 2957 nihil
810 2893 1034 2956 habens
1054 2893 1407 2976 ‚vulgarum
1433 2894 1637 2969 tenui,
1664 2895 1828 2976 quod
1847 2913 1922 2954 ex
1943 2890 2170 2956 Erasmi
2193 2893 2457 2956 coniect.
2484 2913 2584 2957 re·
2653 2961 2662 2968 κ

636 2992 881 3058 ceperat
912 2975 1073 3037 Mur.
1111 2976 1285 3037 Mssti
1321 2974 1518 3037 nostri
1545 2993 1686 3038 cum
1711 2975 1876 3051 aliis,
1907 2993 1955 3035 ee
1993 2977 2292 3054 hortabitur
2323 2976 2381 3047 in
2414 2977 2478 3055 :⁸4
2499 2975 2586 3038 Ia-

636 3076 723 3119 tus
764 3060 1017 3118 modesta.
1093 3055 1163 3117 In
1208 3075 1338 3119 uno
1379 3070 1581 3119 tamen
1623 3057 1760 3118 Par.
1797 3059 1858 3120 d.
1905 3057 2192 3119 scribitur
2239 3059 2584 3138 modestu-

634 3137 805 3218 quod
820 3155 945 3199 non
980 3153 1275 3218 spernam.
1362 3140 1404 3198 l.
1434 3157 1526 3217 ¹7·
1546 3137 1884 3200 moderatur-is
1901 3139 1988 3199 sui
2011 3155 2454 3220 temperamentum
2471 3139 2582 3200 ha-

636 3223 773 3281 beat.
825 3217 1147 3300 vulgatam
1187 3218 1357 3290 istam
1412 3220 1764 3302 scripturam
1801 3237 1940 3283 cum
1967 3219 2064 3282 ed.
2105 3223 2178 3280 R.
2211 3219 2446 3282 nonnisi
2480 3219 2592 3281 iu-

635 3301 833 3382 niores
870 3297 995 3362 fere
1016 3299 1249 3362 codices
1276 3297 1572 3380 (Gruteri
1605 3300 1785 3365 Palas.
1817 3320 1868 3363 1.
1909 3323 1965 3364 2.
1997 3315 2058 3362 et
2085 3300 2188 3443 γὲ
2223 3317 2578 3384 agnoscunt.

636 3381 935 3446 mediatoris
963 3382 1052 3442 sui
1074 3399 1516 3464 temperamentum
1557 3383 1752 3444 habeat
1787 3383 1932 3465 Arg.
1961 3403 2008 3444 c.
2045 3399 2106 3444 et
2189 3401 2269 3444 ar.
2301 3407 2358 3444 a.
2394 3384 2584 3442 mode-

635 3465 861 3528 rationis
885 3463 971 3524 sui
996 3479 1151 3546 temp.
1176 3464 1300 3526 hab.
1341 3463 1527 3525 ed.A.
1548 3479 1610 3528 et
1639 3483 1752 3526 ωε.
1769 3466 1889 3526 cot.
1945 3464 2244 3536 mediatoris
2274 3463 2364 3524 sut’
2387 3465 2590 3525 habeat

637 3545 789 3629 Arg.
820 3547 873 3606 b.
918 3544 1101 3608 Palat.
1136 3562 1257 3608 sec.
1285 3559 1349 3607 et
1383 3543 1518 3608 Par.
1541 3548 1594 3607 b.
1632 3545 1854 3628 aliique
1883 3546 2043 3628 apud
2079 3544 2235 3628 Ops.
2273 3547 2588 3610 mediatoris

636 3628 746 3690 vim
774 3629 898 3690 hab.
920 3625 1049 3689 Par.
1073 3628 1132 3689 d.
1176 3628 1490 3690 medietatem
1514 3628 1620 3690 otis
1645 3630 1743 3688 sui
1775 3629 1902 3690 hab.
1935 3627 2069 3692 cod.
2106 3627 2394 3691 Ambiass.
2415 3625 2588 3710 Ops·

638 3713 679 3769 1.
708 3729 799 3790 19.
818 3710 1023 3790 agimus
1050 3709 1140 3772 ed.
1164 3711 1243 3772 R.
1264 3727 1402 3771 cum
1437 3708 1588 3791 Arg.
1617 3712 1672 3772 b.
1703 3707 1834 3776 Par.
1861 3733 1918 3772 a.
1947 3711 2001 3771 b.
2035 3713 2088 3772 d.
2125 3709 2398 3791 aliisque.
2435 3729 2582 3789 aga-

636 3811 753 3852 mus
782 3808 962 3852 ms.e.
995 3804 1058 3851 et
1086 3790 1175 3852 e'd.
1196 3791 1277 3852 A.
1324 3789 1536 3872 Vulgo
1563 3815 1600 3852 a
1641 3796 1655 3807 '
1715 3814 1760 3853 r.
1837 3791 1880 3852 l.
1923 3812 2019 3854 21.
2055 3813 2198 3852 unus
2224 3794 2449 3874 gradus.
2489 3791 2583 3852 Ex

621 3887 852 3953 'nostra
898 3870 1019 3934 boc
1068 3873 1412 3937 coniectura
1438 3887 1552 3961 est.
1658 3871 1804 3958 ulgo
1849 3893 2042 3938 munus
2077 3890 2289 3957 gruum
2302 3919 2328 3950 ,
2368 3873 2590 3939 invitis
