2759 4825
567 324 1714 431 ‘EPIST·0LAXC.·
1974 294 2175 457 κγ’

177 516 362 592 Nihil
408 516 686 591 horum
726 514 820 587 ab
863 516 980 587 illa
1017 517 1227 589 nobis
1257 518 1689 610 imperatum
1732 530 1874 606 est,
1918 518 2102 593 nihil

181 652 360 725 aegre
407 628 958 721 quaerendum,
1008 646 1093 699 ut
1140 629 1356 723 possit
1397 629 1541 699 vita
1581 629 1910 722 produci.
1982 628 2101 700 Ad

179 756 398 833 parata
429 740 588 810 nati
616 764 904 837 sumusxuz
947 760 1081 809 nos
1113 738 1360 809 omnia
1397 738 1609 813 nobis
1644 738 1951 811 difficilia
1996 740 2103 812 fa-

177 851 407 922 cilium
437 850 730 923 fastidio
753 850 1072 923 fecimus.
1109 850 1331 923 Tecta
1361 867 1970 951 tegumentaque,
2022 868 2100 927 et

177 959 489 1029 fomenta
525 984 922 1054 corporum
947 1011 970 1047 ‚
1009 974 1080 1031 et
1100 960 1282 1048 cibi,
1311 975 1385 1031 et
1412 984 1599 1055 quae
1626 985 1823 1033 nunc
1851 960 2101 1060 ingens

179 1069 542 1165 negotium
569 1068 754 1140 facta
779 1084 982 1157 sunt,
1018 1069 1228 1140 obvia
1259 1086 1457 1141 erant
1489 1120 1513 1157 ,
1552 1087 1622 1141 et
1642 1072 1944 1169 gratuita
1974 1123 1997 1159 ‚
2027 1089 2102 1144 et

183 1202 376 1269 opera
399 1179 548 1249 levi
577 1178 950 1271 parabilia3
991 1179 1256 1250 modus
1287 1180 1481 1251 enim
1508 1182 1880 1269 omnium,
1926 1206 2103 1275 pro-

181 1302 258 1357 ut
275 1288 686 1379 postulabat
725 1288 1128 1376 necessitas,
1176 1302 1370 1369 αι’-αῖς
1418 1312 1550 1359 nos
1590 1290 1715 1361 ista
1746 1290 2098 1383 pretiosa,

185 1420 297 1466 nos
319 1397 540 1485 mira,
567 1419 704 1465 nos
739 1396 1008 1493 magnis
1037 1398 1431 1495 multisque
1458 1397 1950 1490 conquirenda
1991 1425 2103 1470 ar·-

187 1505 356 1574 tibus
381 1505 702 1595 fecimus.
761 1502 1032 1576 Sufficit
1060 1506 1151 1575 ad
1187 1506 1262 1575 id
1287 1522 1578 1593 natura,
1614 1507 1823 1601 quod
1846 1507 2099 1603 poscit.

191 1608 241 1679 A
281 1628 532 1719 natura
569 1612 855 1683 luxuria
895 1612 1221 1699 descivit;
1269 1638 1457 1707 quae
1495 1614 1827 1707 quotidie
1850 1640 1921 1687 se
1950 1616 2100 1709 ipsa

191 1719 453 1810 incitat,
503 1738 577 1793 et
605 1738 722 1793 tot
761 1723 1004 1795 seculis
1039 1723 1337 1810 crescit,
1375 1742 1449 1794 et
1483 1724 1773 1819 ingenio
1808 1720 2103 1793 adiuvat

193 1829 360 1899 vitia.
387 1829 639 1900 Primo
659 1850 1096 1923 supervacua
1125 1828 1367 1920 coepit
1408 1832 1962 1921 concupiscere,
1987 1829 2103 1899 in-

195 1934 272 2003 de
293 1936 634 2005 contraria
653 1986 676 2021 ,
704 1933 1085 2005 novis-sime
1117 1934 1441 2003 animum
1472 1935 1754 2027 corpori
1784 1934 2101 2025 addixit,

195 2065 254 2117 et
283 2048 456 2119 illius
503 2048 861 2119 deservire
898 2045 1189 2118 libidini
1223 2046 1441 2118 iussit.
1490 2046 1770 2119 Omnes
1798 2048 1965 2117 istae
1990 2072 2101 2117 ar-

191 2171 278 2223 tes
295 2206 315 2241 ,
348 2156 618 2247 quibus
642 2173 770 2227 aut
795 2156 1148 2228 circitatur
1179 2155 1421 2225 civitas
1446 2171 1573 2227 aut
1600 2154 1847 2249 strepit
1874 2206 1898 2242 ,
1939 2178 2098 2227 cor·-

195 2262 358 2354 poris
380 2265 762 2363 negotium
790 2282 1080 2361 gerunt3
1105 2264 1220 2335 cui
1247 2264 1492 2335 omnia
1518 2266 1695 2337 olim
1720 2282 2098 2357 tamquam

195 2396 368 2444 servo
395 2374 994 2477 praestabantur„
1011 2396 1209 2446 nunc
1237 2374 1611 2467 tamquam
1644 2371 1947 2463 domino
1977 2397 2106 2469 pa-

195 2501 430 2558 rantur.
459 2487 718 2578 Itaque
750 2485 925 2556 hinc
951 2500 1318 2556 textorum
1344 2535 1367 2573 ,
1399 2481 1567 2554 hinc
1597 2483 1965 2556 fabrorum
1992 2481 2103 2555 of-

197 2587 414 2684 ficinae
437 2612 611 2666 sunt
629 2643 652 2681 ‚
688 2595 858 2664 hinc
891 2595 1143 2667 odores
1161 2597 1683 2689 coquentium,
1712 2595 1879 2666 hinc
1905 2598 2099 2668 mol-

195 2702 279 2770 les
303 2704 616 2798 corporis
645 2718 884 2776 motus
915 2703 1334 2776 docentium
1353 2755 1374 2791 ,
1418 2706 1819 2796 mollesque
1852 2721 2099 2776 cantus

199 2830 260 2878 et
296 2811 649 2885 infractos
689 2811 992 2886 Recessit
1036 2812 1232 2884 enim
1274 2812 1393 2882 ille
1432 2813 1762 2882 naturalis
1796 2811 2101 2898 modus,

197 2921 516 2996 desideria.
567 2907 711 3017 ope
754 2923 1131 2994 necessaria
1173 2921 1467 2992 finiens:
1514 2924 1655 2992 iam
1698 2919 2104 2992 rusticitatis

197 3048 256 3100 et
277 3033 586 3103 miseriae
613 3047 717 3102 est
733 3080 766 3120 5
803 3034 984 3102 velle
1010 3048 1370 3123 quantum
1400 3047 1503 3102 sat
1530 3048 1654 3104 est.

275 3124 700 3216 Incredibile
729 3157 833 3212 est
856 3192 878 3228 ,
925 3139 1030 3210 mi
1067 3137 1336 3226 Lucili,
1388 3163 1607 3232 quam
1647 3136 1849 3209 facile
1884 3139 2099 3208 etiam

199 3267 460 3342 magnos
499 3248 687 3318 viros
729 3246 1042 3318 dulcedo
1087 3245 1425 3318 orationis
1464 3246 1777 3317 abducat
1820 3271 1859 3318 a
1904 3271 2096 3318 vero.

195 3351 350 3426 Ecce
393 3356 451 3426 P
475 3376 528 3426 o
549 3375 634 3428 sl
655 3378 710 3426 D
739 3377 861 3440 on
885 3377 914 3427 1
938 3377 988 3428 u
1009 3375 1085 3445 S,
1131 3357 1263 3451 (ut
1303 3381 1461 3428 mea
1499 3357 1634 3431 fert
1676 3357 1965 3450 opinio,
2010 3377 2102 3424 ex

195 3464 282 3534 his
322 3467 448 3560 qui
504 3466 907 3562 plurimum
970 3467 1463 3562 philosophiae
1522 3469 1993 3538 contulerunt
2016 3463 2099 3566 ‚)

199 3571 352 3646 dum
401 3579 568 3648 vult
616 3578 1008 3653 describere
1039 3580 1404 3672 primum,
1463 3576 2095 3680 quemadmodum

197 3685 306 3753 alia
327 3703 803 3780 torqueantur
830 3689 982 3778 fila,
1025 3691 1154 3774 alia
1186 3715 1276 3762 ex
1305 3691 1511 3772 molli
1547 3692 1935 3782 solutoque
1965 3688 2099 3758 du-

197 3811 459 3870 cantur·
437 3847 462 3888 ,
515 3796 787 3872 deinde
807 3851 832 3895 ,
885 3801 1519 3894 quemadmodum
1566 3802 1705 3888 tela
1752 3799 2099 3900 suspensis
