2759 4825
455 450 468 471 ,
579 404 1388 485 EPISTOLA
1470 412 1726 489 xcv.
2014 422 2107 522 65

179 592 332 668 que
364 568 524 641 lues
569 572 696 641 ista
730 569 1176 644 vindicetur!
1234 572 1399 645 Non
1454 574 1785 668 privatim
1830 578 2111 669 solum,

177 681 300 751 sed
335 680 646 775 publice
683 678 1006 753 furimus.
1063 682 1467 755 Homicidia
1508 684 2001 777 conpescimus
2040 702 2117 761 et

175 789 482 885 singulas
537 786 822 859 caedes:
873 788 1054 881 quid
1107 790 1292 860 bella
1313 844 1336 879 ,
1382 809 1457 862 et
1510 792 1891 865 occisarum
1938 820 2116 893 gen·-

175 898 360 969 tium
383 899 790 995 gloriosum
817 898 1092 993 scel-us?
1119 898 1292 970 Non
1329 900 1611 974 avaritia
1628 949 1651 988 ‚
1692 923 1843 971 non
1862 904 2117 975 crude·

177 1007 334 1107 litas
359 1007 682 1078 modum
713 1009 939 1079 novit.
988 1008 1080 1079 Et
1109 1010 1270 1097 ista,
1312 1010 1661 1103 quamdiu
1695 1010 1943 1083 furtim
1972 1030 2045 1085 et
2070 1034 2115 1087 a

181 1116 470 1215 singulis
494 1118 724 1205 fiunt,
760 1120 997 1189 minus
1035 1120 1252 1191 noxia
1295 1120 1683 1213 minusque
1718 1116 2115 1195 monstrosa

187 1245 391 1298 sunt:
447 1248 544 1298 ex
595 1228 1212 1299 senatusconsultis
1260 1228 1635 1321 plebisque
1686 1230 1865 1301 scitis
1914 1248 2115 1303 saeva

193 1356 616 1407 exercentur
635 1387 660 1423 ‚
695 1351 770 1407 et
809 1338 1096 1430 publice
1133 1338 1473 1409 iubentur
1511 1341 1725 1411 vetita
1758 1342 2115 1433 privatim.

199 1443 403 1549 Quae
448 1450 636 1519 clam
679 1447 1046 1519 commissa
1086 1446 1316 1541 capite
1359 1451 1677 1535 luerent,
1718 1449 1894 1537 iam,
1941 1450 2112 1543 quia

192 1556 508 1650 paludati
537 1555 772 1628 fecere
792 1606 813 1643 ,
841 1556 1231 1627 laudamus.
1273 1558 1449 1629 Non
1474 1558 1707 1650 pudet
1738 1559 2109 1647 homines,

189 1664 642 1737 mitissimum
663 1684 921 1764 genus,
963 1665 1272 1762 gaudere
1297 1666 1637 1763 sanguine
1674 1666 1947 1737 alterno
1970 1718 1993 1755 ‚
2034 1684 2112 1739 et

187 1774 372 1845 bella
410 1798 654 1874 gerere
679 1828 702 1864 ,
738 1776 1188 1873 gerendaque
1227 1775 1463 1845 liberis
1506 1774 1781 1875 tradere
1802 1824 1826 1861 ,
1868 1800 2107 1868 quum

191 1886 374 1957 inter
397 1910 470 1956 se
495 1887 712 1957 etiam
739 1886 960 1957 mutis
986 1900 1065 1955 ac
1097 1885 1254 1956 feris
1284 1906 1429 1979 pax
1448 1884 1554 1953 sit.
1581 1883 1933 1953 Adversus
1958 1900 2109 1957 tam

193 2013 568 2090 potentem
609 1994 1184 2090 explicitumque
1207 1995 1351 2065 late
1388 1991 1707 2063 furorem
1746 1994 2113 2086 operosior

192 2108 649 2201 Philosophia
673 2106 856 2179 facta
884 2127 982 2178 est
1003 2152 1026 2192 ,
1059 2122 1132 2177 et
1151 2122 1439 2176 tanturn
1463 2104 1601 2173 sibi
1628 2105 1885 2175 virium
1910 2128 2111 2184 sum-‚-

191 2216 272 2287 sit
292 2268 313 2304 ‚
359 2235 728 2310 quantum
759 2217 862 2286 his
882 2267 905 2304 ,
948 2214 1274 2287 adversus
1305 2237 1494 2309 quae
1525 2213 1904 2306 parabatur
1931 2262 1954 2301 ‚
1994 2238 2113 2294 ace

197 2344 493 2397 cesserat.
517 2324 970 2430 'Expeditum
1015 2340 1196 2409 erat,
1239 2321 1615 2420 obiurgare
1656 2322 2113 2420 indulgentes

195 2458 424 2524 mero,
471 2452 545 2507 et
583 2451 908 2530 petentes
934 2433 1421 2506 delicatiorem
1448 2432 1737 2514 cibum3
1782 2453 1931 2502 non
1960 2445 2109 2504 erat

197 2551 466 2616 animus
505 2543 601 2615 ad
639 2543 1109 2640 frugalitatem
1151 2563 1403 2639 magna
1430 2540 1502 2614 vi
1531 2538 2026 2631 reducendus,
2068 2565 2112 2612 a

199 2679 330 2750 qua
353 2658 524 2750 paul
533 2656 740 2726 ulum
765 2653 1178 2746 discesserat.
1866 2711 1874 2719 .

284 2767 482 2838 Nunc
499 2766 794 2836 manibus
813 2763 1059 2862 rapidis
1081 2785 1234 2860 opus
1254 2775 1349 2831 est
1363 2813 1387 2836 .
1411 2785 1581 2831 nunc
1601 2776 1743 2830 arte
1765 2764 2109 2854 magistras

199 2875 546 2969 Voluptas
561 2895 656 2944 ex
673 2873 872 2944 omni
891 2885 1088 2966 parte
1111 2869 1475 2962 quaeritur
1493 2893 1513 2944 ς
1538 2868 1821 2937 nullum
1840 2867 2019 2937 intra
2034 2887 2109 2939 se

201 3001 436 3062 manet
469 2984 751 3056 vitium.
796 2982 882 3051 In
901 2979 1257 3050 avaritiam
1298 2974 1581 3048 luxuria
1607 2994 1939 3068 praeceps
1964 2989 2107 3047 θεῖε

169 3096 470 3176 ,Ιιοῐιεεῑί
501 3094 779 3166 oblivio
797 3090 1081 3175 invasit3
1111 3089 1290 3158 nihil
1313 3105 1525 3178 turpe
1552 3101 1652 3156 est
1673 3135 1696 3170 ,
1730 3079 1929 3155 cuius
1961 3087 2113 3177 pla·
2176 3137 2191 3144 s

26 3263 28 3266 >
207 3223 318 3277 cet
345 3207 684 3300 pretium.
731 3203 1022 3286 Homo5
1067 3221 1249 3269 sacra
1289 3221 1396 3269 res
1431 3193 1750 3280 homini,
1794 3194 1933 3264 iarn
1980 3213 2113 3287 per

26 3341 44 3420 Γ
205 3319 442 3389 lusum
473 3335 544 3390 et
579 3305 824 3388 iocurn
863 3312 1251 3396 occiditur3
1295 3327 1370 3380 et
1393 3361 1417 3397 ‚
1452 3332 1675 3401 quem
1716 3305 1979 3378 erudiri
2000 3304 2113 3378 ad

26 3435 31 3572 ι
201 3426 562 3498 inferenda
587 3424 1144 3518 accipiendaque
1170 3423 1465 3498 vulnera
1492 3415 1681 3490 nefas
1702 3433 1872 3500 erat,
1897 3419 1949 3518 is
1968 3417 2111 3490 iam
2182 3485 2187 3491 .

203 3537 432 3609 nudus
457 3535 890 3628 inermisque
911 3533 1246 3627 producit
1255 3555 1371 3611 urz
1399 3527 1702 3620 satisque
1722 3521 2108 3618 spectaculi

207 3669 292 3718 ex
314 3649 642 3735 homine,
676 3671 866 3718 mors
892 3664 1015 3717 est.

293 3759 373 3830 In
401 3761 532 3830 hac
560 3783 728 3854 ergo
755 3781 1043 3830 morum
1071 3751 1523 3848 perversitate
1548 3743 1979 3816 desideratur
1998 3767 2111 3814 so·

195 3865 323 3940 lito
357 3865 868 4040 tini-hementius·
891 3863 1208 3960 aliquid,
1257 3859 1466 3961 quod
1504 3857 1686 3928 mala
1722 3853 2117 3930 inveterata

1538 3976 1585 4048 5
