2759 4825
1869 332 1895 364 l

743 346 1367 444 emsa-omni
1425 372 1558 439 1-v.
2006 390 2134 466 '²79

202 534 445 584 stanter
466 536 705 605 temptare
731 540 868 585 mss.
896 522 946 587 b.
974 543 1019 583 c.
1040 536 1099 583 et
1126 520 1289 584 editt.
1324 537 1471 585 vett.
1554 524 1700 586 Eud.
1733 524 1773 585 t.
1807 541 1897 603 μ.
1926 523 2125 597 cmc.

203 620 360 665 astra
392 620 502 664 ms.
530 605 585 665 b.
624 602 725 665 sed
754 605 942 685 prima
978 596 1268 665 vocabuli
1296 604 1464 666 litera
1491 622 1656 666 erasa
1685 604 1941 671 videtur.

284 684 465 743 Pac.
493 702 519 743 1
534 704 585 745 r.
610 684 648 744 l.
682 703 731 747 ι.
762 684 1083 765 adpositum.
1114 686 1413 767 appositum
1445 704 1556 767 pro
1585 704 1752 747 more
1775 688 2042 753 scribitur
2061 689 2132 755 in

208 764 380 826 editt.
418 764 697 834 omnibus
714 811 734 840 ,
770 782 835 827 et*
858 767 917 826 in
946 766 1389 829 recentionibus
1417 766 1624 831 msstis.
1657 767 1896 835 Tenent
1926 786 2130 836 autem

205 846 331 909 hoe
360 848 582 909 vocab.
617 862 847 909 veteres
879 844 1006 907 libri
1044 864 1285 920 omnes,
1331 862 1490 909 recte
1527 848 1867 911 restitutum
1889 868 1925 911 a
1959 850 2130 917 Gro·
2220 868 2234 879 ‘

205 927 407 989 novio
424 972 443 1000 ‚
466 942 787 1009 postquam
811 926 1115 1001 Muretus,
1135 926 1363 990 Erasini
1378 929 1779 991 coniecturam
1802 932 2130 1015 amplexus,

206 1010 501 1089 expositum
518 1024 818 1087 posuerat.
898 1010 937 1068 l.
958 1031 1010 1090 3.
1030 1009 1220 1069 aliena.
1246 1012 1359 1070 alia
1377 1028 1486 1071 ms,
1511 1034 1557 1071 c.
1583 1010 1741 1074 Mox,
1766 1011 1945 1073 littora
1973 1018 2134 1077 scri-

212 1091 305 1173 psi
348 1108 487 1152 cum
510 1090 725 1155 nostris
754 1092 805 1151 b.
832 1110 877 1149 c.
897 1106 955 1152 et
973 1090 1137 1152 editt.
1156 1105 1304 1153 wett.
1348 1092 1502 1155 litora
1525 1090 1622 1153 ed.
1650 1090 1885 1173 Bipont.
1928 1091 2135 1161 Ruhka

206 1188 272 1233 et
306 1170 523 1231 Matth.
604 1170 644 1231 l.
679 1190 735 1241 4.
766 1170 1016 1231 satis-est.
1052 1158 1151 1231 Sic
1172 1173 1262 1232 eda
1296 1171 1454 1251 Lips.
1481 1188 1540 1233 et
1571 1190 1733 1254 seqq.
1765 1192 1902 1234 cum
1931 1175 2022 1236 edi
2045 1180 2132 1242 A:

206 1268 272 1335 et
294 1272 403 1313 ms.
426 1274 471 1313 c.
508 1268 582 1312 ac
607 1251 871 1332 quinque
906 1250 1293 1314 Grata-ienis.
1336 1252 1620 1315 Potuerat
1648 1270 1801 1315 vero
1826 1254 1999 1316 etiam
2032 1272 2140 1319 tet·-

206 1335 347 1395 neri
374 1350 493 1393 sat
521 1349 637 1405 est,
673 1333 843 1413 quod
867 1331 1113 1393 habebat
1150 1332 1336 1394 editio
1374 1334 1556 1399 Rom.
1586 1348 1648 1395 et
1683 1333 1832 1397 aiiae
1852 1351 1994 1400 ante
2020 1336 2128 1398 Li-

212 1414 406 1494 psium
446 1430 581 1476 cum
624 1431 727 1474 ms.
746 1415 800 1474 b.
840 1428 899 1473 et
927 1414 1123 1489 Amph
1217 1415 1257 1474 la
1293 1436 1331 1487 4
1356 1432 1410 1473 et
1445 1433 1497 1493 ς.
1541 1414 1638 1475 eui
1682 1437 1798 1475 eum
1825 1413 2139 1499 paupertbte.

209 1494 331 1555 bene
367 1494 653 1566 convenit,
682 1494 826 1555 dives
860 1509 954 1554 est.
979 1494 1153 1556 Hanc
1174 1512 1302 1556 esse
1333 1496 1393 1556 in
1420 1496 1613 1557 msstis
1635 1496 1911 1559 omnibus
1935 1514 1996 1559 et
2016 1518 2130 1560 ve-

210 1576 389 1637 tustis
422 1575 714 1655 impressis
747 1575 1041 1657 propriam
1086 1576 1337 1637 istorum
1378 1578 1706 1641 verborum
1747 1577 1940 1639 sedem
1957 1622 1976 1650 ,
2017 1597 2130 1642 su-

211 1676 325 1740 pra
346 1657 421 1719 ad
448 1654 556 1737 Ep.¹
580 1672 647 1716 n.
682 1675 745 1737 p²
762 1656 801 1717 6
817 1702 837 1731 ,
861 1656 926 1719 6.,
955 1658 1207 1718 monui-:-
1235 1674 1396 1737 quae
1408 1658 1598 1719 verba
1628 1676 1812 1738 quum
1842 1657 1924 1719 ibi
1954 1657 2139 1740 (per--

182 1760 185 1763 ⁴
210 1747 437 1818 perant
452 1737 934 1818 quidem)essent
954 1736 1013 1797 in
1039 1752 1384 1799 contextum
1412 1736 1698 1799 inculcata
1718 1781 1738 1811 ,
1780 1757 1888 1801 sua
1909 1754 2143 1802 aucto--

211 1819 387 1881 ritate
422 1818 701 1880 Muretus
719 1864 739 1893 ,
765 1835 840 1879 ne
862 1818 950 1879 bis
982 1818 1188 1879 eadem
1207 1817 1572 1911 legerentur,
1611 1819 1726 1881 hoc
1753 1817 1894 1881 loeo
1916 1820 2087 1881 eiecit
2105 1863 2142 1895 ‚.

211 1919 391 1980 quem
424 1900 616 1961 secuti
652 1914 793 1961 sunt
814 1894 914 1966 alii
953 1915 1167 1968 omnes
1188 1898 1474 1969 editores..
1493 1897 1638 1966 Nos.
1655 1918 1842 1967 suum„
1865 1896 2140 1969 Senecae.-

212 1998 607 2047 restituimus„

318 2223 543 2287 Adhuc
581 2222 1017 2304 discrepantiae·
1042 2222 1480 2307 propemodum
1515 2241 1758 2302 omnes,
1817 2222 1882 2288 in
1918 2226 2143 2312 hisque·

211 2305 393 2369 etiam
428 2306 687 2367 leviores
729 2304 855 2367 fere
890 2322 1165 2387 quaeque
1182 2350 1205 2379 ,
1244 2323 1392 2385 quas
1425 2302 1750 2371 offerebant
1787 2322 2022 2370 veteres
2049 2308 2128 2370 liv.

210 2386 307 2451 bri
327 2435 347 2464 ‚
368 2387 581 2470 quibus
598 2387 691 2450 usi
720 2404 959 2462 sumus,
978 2404 1049 2448 ac
1079 2386 1414 2482 praesertim
1451 2404 1572 2449 tres
1597 2386 1787 2452 nostri
1816 2390 1979 2452 mssti
1998 2389 2126 2452 Ar-

254 2486 653 2531 entoratenses
669 2513 690 2545 ‚
727 2485 787 2530 et
810 2468 1235 2530 vetustissimae
1256 2485 1416 2550 quae
1439 2468 1612 2544 nobis
1640 2469 1716 2531 ad
1749 2487 1961 2533 manus
1986 2486 2134 2534 sunt

265 2551 550 2626 ditiones,
608 2549 893 2612 lectiones
932 2549 1073 2612 item
1120 2567 1325 2611 omnes
1358 2550 1579 2612 codicis
1613 2549 1991 2632 Amploniani
2023 2551 2126 2614 Erss

212 2630 544 2706 fut-densis,
597 2649 742 2713 quas
782 2649 865 2692 ex·
893 2647 1153 2711 quatuor
1197 2630 1493 2714 prioribus
1538 2629 1796 2693 Senecae
1843 2632 2131 2716 Epistolis

210 2729 519 2795 excerptas
546 2711 961 2774 benevolentia
990 2711 1109 2773 viri
1131 2711 1271 2772 clar.
1308 2711 1598 2773 Matthiae
1621 2715 1935 2776 nobiscum
1953 2732 2128 2776 com-

212 2795 582 2868 municavit,
619 2792 869 2874 copiose
902 2791 1219 2856 admodum
1268 2791 1712 2873 enucleateque·
1735 2795 1780 2854 a'
1805 2793 1976 2855 nobis
2015 2811 2132 2855 ex-

210 2875 458 2956 positae·
483 2891 622 2936 sunt
639 2921 659 2950 ,
704 2891 765 2936 et
802 2892 938 2936 eum
987 2873 1069 2934 eis
1108 2872 1458 2934 lectionibus
1504 2873 1785 2949 collatae,
1829 2893 1978 2956 quas
2020 2875 2132 2938 vei*

211 2957 310 3018 aiii
345 2956 578 3018 codices
624 2954 786 3017 mssti
827 2954 939 3016 vel'·
970 2953 1354 3017 notabiliores
1395 2970 1662 3035 operum
1696 2955 1964 3018 Senecae
1995 2955 2132 3020 edi-

212 3037 419 3104 tiones,
445 3037 809 3099 exhibebant.
846 3033 1089 3118 Nempe⁸
1128 3035 1271 3096 haec
1316 3051 1548 3097 exstare
1591 3037 2126 3118 tamquam-speci·
2195 3113 2200 3117 .

213 3119 375 3180 mina
418 3118 620 3192 volui,
661 3137 703 3179 e
741 3116 962 3199 quibus.
987 3116 1203 3197 partim
1227 3111 1578 3178 'dotatione
1601 3136 1839 3200 „quam
1874 3119 1935 3178 in
1975 3118 2125 3180 seli-

213 3200 417 3281 gendis
456 3201 560 3262 eis,
582 3199 928 3262 iectionibus
956 3197 1188 3258 iniimus
1206 3242 1241 3274 ,‚
1280 3212 1440 3278 quae
1473 3197 1646 3260 nobis
1681 3197 2130 3279 probatissimae

215 3298 281 3341 et
322 3279 411 3343 ab
430 3283 693 3343 auctoris
733 3280 982 3341 maxime
1016 3297 1193 3340 manu
1236 3277 1554 3360 profectae
1579 3280 1754 3342 visae
1768 3297 1970 3356 etant,
2021 3299 2124 3342 re.-

208 3361 363 3423 etius
388 3361 653 3425 iudicare
696 3362 957 3424 homines
994 3359 1233 3436 eruditi,
1270 3378 1532 3454 quorum
1570 3360 1627 3419 id
1659 3360 1931 3436 interest,
1975 3379 2126 3442 pos-

211 3461 382 3518 sent3
435 3445 701 3526 partiare
741 3444 967 3524 quibus
1010 3442 1185 3502 etiam
1224 3440 1325 3502 alit
1369 3441 1742 3522 quicumque
1773 3443 1874 3502 vel
1913 3444 2130 3504 harum

210 3522 605 3605 Epistolarum
638 3523 899 3587 Senecae·
928 3523 1024 3584 vel
1060 3522 1309 3583 alterius·
1332 3521 1596 3585 cuiusvis
1637 3519 1812 3602 prisci
1852 3523 2119 3586 auctoris

212 3604 469 3668 lectores
491 3605 885 3688 intelligerent
906 3603 1277 3684 aliquatenus
1294 3647 1311 3678 ,
1330 3603 1438 3686 per
1461 3619 1614 3684 quos
1635 3603 2118 3687 gradus-,quasve

214 3706 321 3768 per
351 3688 664 3768 ambages,
692 3706 817 3768 quo
850 3685 1086 3758 studim
1119 3703 1254 3766 quo
1278 3687 1722 3748 labore-eorum
1757 3687 1860 3766 qui
1899 3689 1971 3748 in..
2001 3687 2118 3750 hoc

208 3781 432 3852 genere
466 3787 713 3850 operam
748 3787 911 3831 suam
955 3784 1320 3848 posuerunt,
1358 3766 1613 3846 denique
1637 3784 1763 3845 quo
1789 3785 1940 3830 casu’
1967 3767 2117 3846 sub-7

208 3851 343 3914 inde
360 3850 587 3914 factum
623 3851 699 3914 sit
716 3897 739 3930 ‚
770 3865 838 3914 ut
856 3849 919 3914 in
944 3848 1329 3926 editionibus,
1356 3847 1574 3932 quibus
1589 3847 1778 3930 vulgo
1800 3849 1976 3916 hodie
1997 3850 2119 3913 uti-
