2759 4825
629 403 768 478 218
993 399 1079 476 1‘„
1127 393 1573 476 ANNAEI
1632 396 2153 476 SENECAE

1009 531 1360 638 «S'E'NECA¹
1405 563 1657 636 Lucilio
1694 589 1811 636 suo
1850 561 2183 636 Salutm'

632 626 995 760 Imm-:RE
1057 687 1423 760 confectus
1447 737 1471 773 ,
1524 685 1997 758 incommodo
2048 683 2267 784 magis
2314 705 2544 776 quam

623 797 848 892 longo
873 845 894 881 ‚
941 795 1020 865 in
1056 794 1421 867 Albanum
1445 819 1697 865 meum
1732 794 1958 864 multa
1984 810 2197 864 nocte
2222 789 2544 886 perveni.

625 905 826 976 Nihil
871 904 1102 974 habeo
1129 919 1496 998 paratum,
1534 903 1664 973 nisi
1704 927 1841 972 me.
1878 903 2131 995 Itaque
2156 901 2233 972 in
2270 899 2547 972 lectulo

624 1009 1113 1082 lassitudinem
1162 1035 1405 1105 pono3
1446 1013 1629 1083 hanc
1668 1009 1888 1102 coqui
1934 1031 2014 1081 ac
2058 1009 2338 1104 pistoris
2380 1031 2549 1078 mo·

625 1146 773 1192 ram
803 1121 983 1191 boni
1025 1123 1344 1192 consulo.
1382 1123 1672 1194 Mecum
1704 1121 1899 1210 enim
1940 1119 2035 1192 de
2073 1119 2215 1190 hoc
2248 1119 2405 1212 ipso
2437 1101 2551 1187 'lo-

629 1254 863 1324 quor,
905 1253 1122 1323 quam
1153 1231 1348 1302 ·nihil
1394 1233 1481 1301 sit
1520 1253 1764 1328 grave,
1822 1230 2030 1322 quod
2069 1231 2321 1300 leviter
2352 1227 2553 1300 exci-

591 1367 598 1377 ’
625 1339 813 1434 pias3
839 1362 1058 1430 quarn
1085 1338 1611 1437 indignandum
1640 1339 1858 1425 nihil,
1887 1337 2015 1408 nisi
2036 1337 2241 1430 quod
2258 1336 2403 1432 ipse
2434 1337 2553 1406 in-
2658 1409 2662 1417 ,

629 1447 998 1545 dignando
1031 1448 1360 1518 adstruas.
1410 1447 1583 1518 Non
1625 1448 1841 1518 habet
1884 1469 2147 1539 panem
2190 1469 2397 1516 meus
2432 1443 2555 1536 pi-

627 1575 813 1628 stor:
857 1555 981 1626 sed
1027 1556 1243 1628 habet
1278 1558 1581 1642 villicus,
1623 1558 1745 1625 sed
1772 1555 1993 1626 habet
2031 1553 2383 1640 atriensis,
2406 1551 2552 1622 sed

584 1693 592 1700 ·
631 1665 1198 1736 habet-colona&
1231 1703 1301 1716 -
1342 1653 1618 1733 Malum
1644 1685 1945 1756 panem,
1990 1661 2248 1756 inquis.
2280 1683 2369 1720 -·'
2404 1661 2557 1734 Ex-

629 1790 865 1867 specta
881 1799 901 1858 3
929 1773 1162 1844 bonus
1187 1774 1344 1844 fiet!
1384 1774 1597 1844 etiam
1622 1774 1829 1844 illum
1855 1789 2185 1844 tenerum
2212 1772 2345 1844 tibi
2370 1789 2447 1844 et
2464 1775 2557 1842 si·
2610 1837 2623 1860 ,

629 1883 979 1980 ligineum
1027 1879 1244 1953 fames
1276 1881 1551 1953 reddet.
1599 1881 1777 1954 Ideo
1808 1903 1964 1954 non
1990 1873 2287 1956 estante
2326 1883 2559 1954 eden-

633 1995 854 2082 dum,
897 2017 1121 2087 quam
1163 1995 1280 2064 illa
1307 1994 1633 2087 imperet.
1679 1993 2125 2088 Exspectabo
2168 2017 2377 2092 ergo;
2418 2011 2557 2066 nec

531 2112 546 2126 ⁴
633 2123 798 2176 ante
825 2106 1038 2176 edam
1056 2155 1079 2191 ,
1109 2129 1328 2197 quam
1355 2121 1481 2174 aut
1504 2105 1781 2174 bonum
1806 2126 2067 2197 panem
2100 2104 2361 2176 habete
2386 2127 2561 2175 coe·-

634 2237 847 2307 pero‚
896 2231 1022 2284 aut
1056 2213 1330 2286 malum
1367 2211 1679 2282 fastidire
1718 2213 2010 2294 desiero.
2063 2212 2559 2285 Necessarium

637 2337 739 2391 est
759 2371 778 2407 ,
819 2329 1042 2416 parvo
1071 2319 1495 2390 adsuescere.
1550 2318 1840 2388 Multae·
1865 2319 2313 2390 difficultates
2355 2322 2561 2390 loeo·

636 2454 840 2516 rum,
887 2430 1160 2501 multae
1201 2428 1617 2521 temporum
1640 2476 1664 2514 ,
1712 2428 1930 2497 etiam
1960 2429 2445 2520 locupletibus
2486 2444 2563 2499 et

636 2538 990 2609 instructis
1033 2540 1118 2633 [a
1143 2538 1352 2607 nobis
1396 2542 1727 2630 optatum
1766 2538 2267 2633 prohibentes]
2312 2562 2565 2611 occur·

638 2665 820 2718 rent.
871 2646 1264 2752 Quidquid
1295 2646 1453 2715 vult
1472 2696 1495 2732 ‚
1526 2646 1783 2717 habere
1812 2670 2031 2719 nemo
2056 2664 2329 2743 potest:
2374 2648 2563 2721 illud

637 2771 918 2851 potest,
948 2759 1144 2827 nolle
1161 2805 1184 2841 ‚
1224 2754 1433 2847 quod
1458 2749 1891 2843 nonhabet3
1930 2758 2145 2829 rebus
2168 2758 2427 2831 oblatis
2452 2760 2567 2831 hi·-

640 2864 796 2935 laris
833 2863 961 2933 uti.
1020 2862 1288 2958 Magna
1315 2886 1471 2955 pars
1515 2863 1851 2934 libertatis
1888 2882 1990 2935 est
2024 2864 2217 2937 bene
2246 2888 2565 2941 moratus

643 2986 891 3043 venter
905 2988 984 3045 et
1009 2969 1491 3045 contumeliae
1515 2971 1805 3063 patiens.
1844 2970 2219 3046 Aestimari
2238 2998 2395 3047 non
2423 3000 2566 3071 po-

617 3096 812 3164 test,
857 3094 1206 3169 quantam
1249 3080 1697 3172 voluptatem
1739 3080 2011 3173 capiam
2046 3104 2141 3155 ex
2174 3104 2308 3170 eo,
2347 3082 2567 3176 qnod

643 3186 978 3259 lassitudo
1005 3212 1162 3259 mea
1183 3186 1318 3259 sibi
1357 3186 1503 3281 ipsa
1526 3188 1891 3269 adsuescit·-
1926 3189 2101 3265 Non
2142 3188 2571 3283 unctiones,

647 3320 796 3369 non
825 3297 1162 3373 balneum
1178 3347 1201 3384 ‚
1226 3317 1375 3366 non
1402 3300 1639 3373 ullum
1656 3300 2305 3391 aliudremedium‚
2330 3328 2563 3397 quam
2622 3346 2635 3369 ι

647 3408 1028 3501 temporis,
1078 3430 1366 3501 quaero.
1398 3409 1629 3500 Nam,
1667 3410 1877 3505 quod
1915 3411 2120 3484 labor
2164 3416 2568 3504 contraxit,

655 3514 857 3607 quies
885 3516 1128 3587 tollit.-
1530 3566 1539 3575 ·
1650 3556 1663 3571 ι
1759 3552 1773 3564 ¹
1813 3536 1820 3547 '
1912 3566 1919 3571 -
2150 3519 2158 3535 ¹

661 3688 669 3693 .
773 3623 970 3697 Haec
1003 3627 1549 3722 qualiscumque
1598 3651 1825 3699 coena
1868 3628 2147 3700 aditiali‘
2178 3631 2575 3703 iucundior

656 3732 809 3802 erit.
837 3733 1164 3835 Aliquod
1214 3739 1409 3809 enim
1461 3740 2035 3832 experimentum
2081 3741 2573 3813 animi·sumsi

657 3843 932 3915 subito:
977 3846 1115 3917 hoc'
1146 3848 1336 3919 enim
1382 3862 1485 3919 est
1526 3847 1912 3943 simplicius
1952 3865 2027 3921 et
2064 3850 2319 3923 verius.
2368 3850 2573 3923 Nam
