<?xml version="1.0" encoding="UTF-8"?>
<!DOCTYPE html PUBLIC "-//W3C//DTD XHTML 1.0 Transitional//EN"
    "http://www.w3.org/TR/xhtml1/DTD/xhtml1-transitional.dtd">
<html xmlns="http://www.w3.org/1999/xhtml" xml:lang="en" lang="en">
 <head>
  <title>
</title>
<meta http-equiv="Content-Type" content="text/html;charset=utf-8" />
  <meta name='ocr-system' content='tesseract 3.04.00' />
  <meta name='ocr-capabilities' content='ocr_page ocr_carea ocr_par ocr_line ocrx_word'/>
</head>
<body>
  <div class='ocr_page' id='page_1' title='image "./lannaeisenecaea00bipogoog_0196.png"; bbox 0 0 2759 4825; ppageno 0'>
   <div class='ocr_carea' id='block_1_1' title="bbox 605 393 2207 478">
    <p class='ocr_par' dir='ltr' id='par_1_1' title="bbox 605 393 2207 478">
     <span class='ocr_line' id='line_1_1' title="bbox 605 393 2207 478; baseline -0.012 0"><span class='ocrx_word' id='word_1_1' title='bbox 605 397 740 478; x_wconf 81' lang='lat'>188</span> <span class='ocrx_word' id='word_1_2' title='bbox 959 395 1043 468; x_wconf 83' lang='lat' dir='ltr'>L.</span> <span class='ocrx_word' id='word_1_3' title='bbox 1091 393 1553 470; x_wconf 83' lang='lat' dir='ltr'><strong>ANNAEI</strong></span> <span class='ocrx_word' id='word_1_4' title='bbox 1596 393 2207 469; x_wconf 82' lang='lat' dir='ltr'><strong>SENECAE.</strong></span> 
     </span>
    </p>
   </div>
   <div class='ocr_carea' id='block_1_2' title="bbox 563 555 2565 3955">
    <p class='ocr_par' dir='ltr' id='par_1_2' title="bbox 591 555 2529 1284">
     <span class='ocr_line' id='line_1_2' title="bbox 595 555 2523 654; baseline -0.003 -22"><span class='ocrx_word' id='word_1_5' title='bbox 595 562 686 632; x_wconf 83' lang='lat' dir='ltr'>tis</span> <span class='ocrx_word' id='word_1_6' title='bbox 699 612 724 646; x_wconf 89' lang='lat'><strong>,</strong></span> <span class='ocrx_word' id='word_1_7' title='bbox 747 559 1074 632; x_wconf 76' lang='lat' dir='ltr'>futurum</span> <span class='ocrx_word' id='word_1_8' title='bbox 1097 585 1257 632; x_wconf 78' lang='lat' dir='ltr'>esse.</span> <span class='ocrx_word' id='word_1_9' title='bbox 1285 557 1603 654; x_wconf 76' lang='lat' dir='ltr'>sapiam,</span> <span class='ocrx_word' id='word_1_10' title='bbox 1626 581 1833 652; x_wconf 73' lang='lat' dir='ltr'>spero</span> <span class='ocrx_word' id='word_1_11' title='bbox 1847 583 1871 643; x_wconf 82' lang='lat'><em>3</em></span> <span class='ocrx_word' id='word_1_12' title='bbox 1896 555 2023 630; x_wconf 75' lang='lat' dir='ltr'>sed</span> <span class='ocrx_word' id='word_1_13' title='bbox 2046 555 2332 628; x_wconf 78' lang='lat' dir='ltr'>interim</span> <span class='ocrx_word' id='word_1_14' title='bbox 2352 577 2523 627; x_wconf 72' lang='lat' dir='ltr'>nou</span> 
     </span>
     <span class='ocr_line' id='line_1_3' title="bbox 591 667 2523 764; baseline -0.003 -22"><span class='ocrx_word' id='word_1_15' title='bbox 591 672 826 764; x_wconf 69' lang='lat' dir='ltr'>sapio:</span> <span class='ocrx_word' id='word_1_16' title='bbox 855 672 910 740; x_wconf 72' lang='lat' dir='ltr'>ni</span> <span class='ocrx_word' id='word_1_17' title='bbox 943 672 1130 742; x_wconf 84' lang='lat' dir='ltr'>illud</span> <span class='ocrx_word' id='word_1_18' title='bbox 1153 672 1441 742; x_wconf 87' lang='lat' dir='ltr'>bonum</span> <span class='ocrx_word' id='word_1_19' title='bbox 1470 669 1807 740; x_wconf 78' lang='lat' dir='ltr'>haberem</span> <span class='ocrx_word' id='word_1_20' title='bbox 1829 717 1853 754; x_wconf 85' lang='lat'>,</span> <span class='ocrx_word' id='word_1_21' title='bbox 1880 669 2019 740; x_wconf 78' lang='lat' dir='ltr'>iam</span> <span class='ocrx_word' id='word_1_22' title='bbox 2042 667 2179 738; x_wconf 81' lang='lat' dir='ltr'>hoe</span> <span class='ocrx_word' id='word_1_23' title='bbox 2202 689 2523 740; x_wconf 67' lang='lat' dir='ltr'>mesen</span> 
     </span>
     <span class='ocr_line' id='line_1_4' title="bbox 591 775 2529 871; baseline -0.003 -21"><span class='ocrx_word' id='word_1_24' title='bbox 591 783 810 852; x_wconf 76' lang='lat' dir='ltr'>malo,</span> <span class='ocrx_word' id='word_1_25' title='bbox 837 779 1194 852; x_wconf 81' lang='lat' dir='ltr'>Futurum</span> <span class='ocrx_word' id='word_1_26' title='bbox 1221 782 1360 864; x_wconf 76' lang='lat' dir='ltr'>est,</span> <span class='ocrx_word' id='word_1_27' title='bbox 1386 795 1470 848; x_wconf 90' lang='lat' dir='ltr'>ut</span> <span class='ocrx_word' id='word_1_28' title='bbox 1492 779 1789 871; x_wconf 80' lang='lat' dir='ltr'>sapiam:</span> <span class='ocrx_word' id='word_1_29' title='bbox 1816 801 1911 847; x_wconf 80' lang='lat' dir='ltr'>ex</span> <span class='ocrx_word' id='word_1_30' title='bbox 1938 777 2078 846; x_wconf 87' lang='lat' dir='ltr'>hoc</span> <span class='ocrx_word' id='word_1_31' title='bbox 2097 775 2301 860; x_wconf 86' lang='lat' dir='ltr'>licet,</span> <span class='ocrx_word' id='word_1_32' title='bbox 2324 797 2529 844; x_wconf 75' lang='lat' dir='ltr'>non-</span> 
     </span>
     <span class='ocr_line' id='line_1_5' title="bbox 593 885 2524 985; baseline -0.002 -25"><span class='ocrx_word' id='word_1_33' title='bbox 593 889 778 962; x_wconf 88' lang='lat' dir='ltr'>dum</span> <span class='ocrx_word' id='word_1_34' title='bbox 805 915 1046 982; x_wconf 83' lang='lat' dir='ltr'>sapere</span> <span class='ocrx_word' id='word_1_35' title='bbox 1068 914 1230 977; x_wconf 84' lang='lat' dir='ltr'>me,</span> <span class='ocrx_word' id='word_1_36' title='bbox 1267 889 1629 985; x_wconf 69' lang='lat' dir='ltr'><strong>intelligas.</strong></span> <span class='ocrx_word' id='word_1_37' title='bbox 1668 889 1839 958; x_wconf 82' lang='lat' dir='ltr'>Non</span> <span class='ocrx_word' id='word_1_38' title='bbox 1872 910 2161 980; x_wconf 73' lang='lat' dir='ltr'>possum</span> <span class='ocrx_word' id='word_1_39' title='bbox 2188 885 2405 956; x_wconf 72' lang='lat' dir='ltr'>simul</span> <span class='ocrx_word' id='word_1_40' title='bbox 2436 901 2524 956; x_wconf 81' lang='lat' dir='ltr'>et</span> 
     </span>
     <span class='ocr_line' id='line_1_6' title="bbox 591 993 2523 1084; baseline -0.002 -18"><span class='ocrx_word' id='word_1_41' title='bbox 591 996 668 1068; x_wconf 85' lang='lat' dir='ltr'>in</span> <span class='ocrx_word' id='word_1_42' title='bbox 701 999 828 1067; x_wconf 88' lang='lat' dir='ltr'>illo</span> <span class='ocrx_word' id='word_1_43' title='bbox 874 998 1117 1084; x_wconf 78' lang='lat' dir='ltr'>bono,</span> <span class='ocrx_word' id='word_1_44' title='bbox 1161 1013 1236 1066; x_wconf 89' lang='lat' dir='ltr'>et</span> <span class='ocrx_word' id='word_1_45' title='bbox 1273 997 1350 1066; x_wconf 82' lang='lat' dir='ltr'>in</span> <span class='ocrx_word' id='word_1_46' title='bbox 1386 997 1527 1068; x_wconf 86' lang='lat' dir='ltr'>hoc</span> <span class='ocrx_word' id='word_1_47' title='bbox 1552 997 1743 1066; x_wconf 82' lang='lat' dir='ltr'>malo</span> <span class='ocrx_word' id='word_1_48' title='bbox 1790 1019 1953 1066; x_wconf 74' lang='lat' dir='ltr'>esse.</span> <span class='ocrx_word' id='word_1_49' title='bbox 2006 995 2175 1064; x_wconf 83' lang='lat' dir='ltr'>Duo</span> <span class='ocrx_word' id='word_1_50' title='bbox 2195 993 2328 1062; x_wconf 68' lang='lat' dir='ltr'>:ista</span> <span class='ocrx_word' id='word_1_51' title='bbox 2356 1011 2523 1064; x_wconf 74' lang='lat' dir='ltr'>non</span> 
     </span>
     <span class='ocr_line' id='line_1_7' title="bbox 595 1101 2525 1198; baseline -0.003 -24"><span class='ocrx_word' id='word_1_52' title='bbox 595 1114 900 1190; x_wconf 74' lang='lat' dir='ltr'>coeunt,</span> <span class='ocrx_word' id='word_1_53' title='bbox 939 1127 1074 1176; x_wconf 88' lang='lat' dir='ltr'>nec</span> <span class='ocrx_word' id='word_1_54' title='bbox 1115 1103 1310 1198; x_wconf 86' lang='lat' dir='ltr'>apud</span> <span class='ocrx_word' id='word_1_55' title='bbox 1342 1103 1683 1176; x_wconf 83' lang='lat' dir='ltr'>eumdem</span> <span class='ocrx_word' id='word_1_56' title='bbox 1715 1119 1885 1175; x_wconf 80' lang='lat' dir='ltr'>sunt</span> <span class='ocrx_word' id='word_1_57' title='bbox 1914 1126 2085 1191; x_wconf 83' lang='lat' dir='ltr'>una,</span> <span class='ocrx_word' id='word_1_58' title='bbox 2127 1101 2415 1172; x_wconf 82' lang='lat' dir='ltr'>bonum</span> <span class='ocrx_word' id='word_1_59' title='bbox 2444 1113 2525 1170; x_wconf 88' lang='lat' dir='ltr'>et</span> 
     </span>
     <span class='ocr_line' id='line_1_8' title="bbox 591 1214 884 1284; baseline -0.007 -1"><span class='ocrx_word' id='word_1_60' title='bbox 591 1214 884 1284; x_wconf 85' lang='lat' dir='ltr'>malum.</span> 
     </span>
    </p>

    <p class='ocr_par' dir='ltr' id='par_1_3' title="bbox 563 1317 2565 3955">
     <span class='ocr_line' id='line_1_9' title="bbox 690 1317 2527 1418; baseline -0.002 -24"><span class='ocrx_word' id='word_1_61' title='bbox 690 1322 1273 1394; x_wconf 73' lang='lat' dir='ltr'>Transcurramus</span> <span class='ocrx_word' id='word_1_62' title='bbox 1313 1322 1781 1394; x_wconf 75' lang='lat' dir='ltr'>solettissimas</span> <span class='ocrx_word' id='word_1_63' title='bbox 1821 1345 2079 1418; x_wconf 57' lang='lat' dir='ltr'>nug-018,</span> <span class='ocrx_word' id='word_1_64' title='bbox 2128 1333 2200 1392; x_wconf 88' lang='lat' dir='ltr'>et</span> <span class='ocrx_word' id='word_1_65' title='bbox 2234 1317 2327 1390; x_wconf 85' lang='lat' dir='ltr'>ad</span> <span class='ocrx_word' id='word_1_66' title='bbox 2358 1318 2527 1404; x_wconf 73' lang='lat' dir='ltr'>illa,</span> 
     </span>
     <span class='ocr_line' id='line_1_10' title="bbox 587 1433 2526 1526; baseline -0.003 -23"><span class='ocrx_word' id='word_1_67' title='bbox 587 1455 782 1526; x_wconf 87' lang='lat' dir='ltr'>quae</span> <span class='ocrx_word' id='word_1_68' title='bbox 813 1433 1024 1502; x_wconf 75' lang='lat' dir='ltr'>nobis</span> <span class='ocrx_word' id='word_1_69' title='bbox 1049 1433 1366 1524; x_wconf 82' lang='lat' dir='ltr'>aliquam</span> <span class='ocrx_word' id='word_1_70' title='bbox 1414 1457 1629 1524; x_wconf 86' lang='lat' dir='ltr'>opem</span> <span class='ocrx_word' id='word_1_71' title='bbox 1672 1452 1841 1502; x_wconf 66' lang='lat' dir='ltr'>sunt</span> <span class='ocrx_word' id='word_1_72' title='bbox 1866 1433 2119 1515; x_wconf 78' lang='lat' dir='ltr'>latura,</span> <span class='ocrx_word' id='word_1_73' title='bbox 2172 1451 2526 1522; x_wconf 73' lang='lat' dir='ltr'>propene-</span> 
     </span>
     <span class='ocr_line' id='line_1_11' title="bbox 593 1540 2530 1636; baseline -0.002 -24"><span class='ocrx_word' id='word_1_74' title='bbox 593 1567 776 1612; x_wconf 83' lang='lat' dir='ltr'>mus.</span> <span class='ocrx_word' id='word_1_75' title='bbox 803 1543 1068 1627; x_wconf 75' lang='lat' dir='ltr'>Nema,</span> <span class='ocrx_word' id='word_1_76' title='bbox 1091 1545 1218 1634; x_wconf 89' lang='lat' dir='ltr'>qui</span> <span class='ocrx_word' id='word_1_77' title='bbox 1241 1543 1691 1612; x_wconf 84' lang='lat' dir='ltr'><strong>obstetricem</strong></span> <span class='ocrx_word' id='word_1_78' title='bbox 1722 1543 2139 1636; x_wconf 80' lang='lat' dir='ltr'>parturienti</span> <span class='ocrx_word' id='word_1_79' title='bbox 2166 1540 2349 1610; x_wconf 83' lang='lat' dir='ltr'>filiae</span> <span class='ocrx_word' id='word_1_80' title='bbox 2374 1540 2530 1610; x_wconf 80' lang='lat' dir='ltr'>sol-</span> 
     </span>
     <span class='ocr_line' id='line_1_12' title="bbox 591 1650 2526 1740; baseline -0.001 -21"><span class='ocrx_word' id='word_1_81' title='bbox 591 1651 824 1720; x_wconf 74' lang='lat' dir='ltr'>licitus</span> <span class='ocrx_word' id='word_1_82' title='bbox 849 1651 1118 1721; x_wconf 83' lang='lat' dir='ltr'>arcessit</span> <span class='ocrx_word' id='word_1_83' title='bbox 1136 1701 1161 1739; x_wconf 90' lang='lat'>,</span> <span class='ocrx_word' id='word_1_84' title='bbox 1195 1651 1518 1722; x_wconf 87' lang='lat' dir='ltr'>edictum</span> <span class='ocrx_word' id='word_1_85' title='bbox 1542 1669 1618 1721; x_wconf 85' lang='lat' dir='ltr'>et</span> <span class='ocrx_word' id='word_1_86' title='bbox 1644 1652 1990 1722; x_wconf 84' lang='lat' dir='ltr'>ludorum</span> <span class='ocrx_word' id='word_1_87' title='bbox 2012 1650 2344 1722; x_wconf 83' lang='lat' dir='ltr'>ordinem.</span> <span class='ocrx_word' id='word_1_88' title='bbox 2361 1671 2526 1740; x_wconf 88' lang='lat' dir='ltr'>per·</span> 
     </span>
     <span class='ocr_line' id='line_1_13' title="bbox 591 1761 2525 1856; baseline 0 -28"><span class='ocrx_word' id='word_1_89' title='bbox 591 1761 799 1856; x_wconf 80' lang='lat' dir='ltr'>legit:</span> <span class='ocrx_word' id='word_1_90' title='bbox 847 1785 1071 1831; x_wconf 87' lang='lat' dir='ltr'>nemo</span> <span class='ocrx_word' id='word_1_91' title='bbox 1092 1811 1116 1848; x_wconf 86' lang='lat'><strong>,</strong></span> <span class='ocrx_word' id='word_1_92' title='bbox 1154 1762 1284 1853; x_wconf 86' lang='lat' dir='ltr'>qui</span> <span class='ocrx_word' id='word_1_93' title='bbox 1309 1761 1401 1830; x_wconf 87' lang='lat' dir='ltr'>ad</span> <span class='ocrx_word' id='word_1_94' title='bbox 1430 1763 1843 1833; x_wconf 82' lang='lat' dir='ltr'>incendium</span> <span class='ocrx_word' id='word_1_95' title='bbox 1876 1763 2135 1832; x_wconf 88' lang='lat' dir='ltr'>domus</span> <span class='ocrx_word' id='word_1_96' title='bbox 2158 1785 2325 1830; x_wconf 82' lang='lat' dir='ltr'>suae</span> <span class='ocrx_word' id='word_1_97' title='bbox 2348 1783 2525 1829; x_wconf 84' lang='lat' dir='ltr'>cut·-</span> 
     </span>
     <span class='ocr_line' id='line_1_14' title="bbox 592 1869 2521 1966; baseline -0.004 -24"><span class='ocrx_word' id='word_1_98' title='bbox 592 1872 730 1960; x_wconf 84' lang='lat' dir='ltr'>rit,</span> <span class='ocrx_word' id='word_1_99' title='bbox 771 1871 1093 1941; x_wconf 79' lang='lat' dir='ltr'>tabulam</span> <span class='ocrx_word' id='word_1_100' title='bbox 1143 1871 1713 1944; x_wconf 78' lang='lat' dir='ltr'>latrunculariam</span> <span class='ocrx_word' id='word_1_101' title='bbox 1753 1870 2086 1966; x_wconf 72' lang='lat' dir='ltr'>prospicit</span> <span class='ocrx_word' id='word_1_102' title='bbox 2107 1921 2131 1958; x_wconf 86' lang='lat'><strong>,</strong></span> <span class='ocrx_word' id='word_1_103' title='bbox 2176 1890 2265 1940; x_wconf 81' lang='lat' dir='ltr'>ut</span> <span class='ocrx_word' id='word_1_104' title='bbox 2302 1869 2521 1954; x_wconf 77' lang='lat' dir='ltr'>sciat,</span> 
     </span>
     <span class='ocr_line' id='line_1_15' title="bbox 593 1967 2517 2077; baseline -0.003 -26"><span class='ocrx_word' id='word_1_105' title='bbox 593 1982 976 2073; x_wconf 84' lang='lat' dir='ltr'>quomodo</span> <span class='ocrx_word' id='word_1_106' title='bbox 999 1980 1340 2077; x_wconf 82' lang='lat' dir='ltr'>adligatus</span> <span class='ocrx_word' id='word_1_107' title='bbox 1365 1998 1571 2052; x_wconf 84' lang='lat' dir='ltr'>exeat</span> <span class='ocrx_word' id='word_1_108' title='bbox 1592 1985 1917 2056; x_wconf 85' lang='lat' dir='ltr'>calculus.</span> <span class='ocrx_word' id='word_1_109' title='bbox 1942 1979 2041 2052; x_wconf 82' lang='lat' dir='ltr'>At</span> <span class='ocrx_word' id='word_1_110' title='bbox 2064 1967 2517 2052; x_wconf 73' lang='lat' dir='ltr'>mehercules</span> 
     </span>
     <span class='ocr_line' id='line_1_16' title="bbox 595 2086 2514 2181; baseline -0.001 -23"><span class='ocrx_word' id='word_1_111' title='bbox 595 2088 836 2158; x_wconf 82' lang='lat' dir='ltr'>omnia</span> <span class='ocrx_word' id='word_1_112' title='bbox 856 2087 986 2157; x_wconf 89' lang='lat' dir='ltr'>tibi</span> <span class='ocrx_word' id='word_1_113' title='bbox 1015 2089 1338 2181; x_wconf 82' lang='lat' dir='ltr'>undique</span> <span class='ocrx_word' id='word_1_114' title='bbox 1363 2091 1809 2179; x_wconf 81' lang='lat' dir='ltr'>nuntiantur,</span> <span class='ocrx_word' id='word_1_115' title='bbox 1839 2107 1911 2160; x_wconf 91' lang='lat' dir='ltr'>et</span> <span class='ocrx_word' id='word_1_116' title='bbox 1937 2089 2355 2162; x_wconf 83' lang='lat' dir='ltr'>incendium</span> <span class='ocrx_word' id='word_1_117' title='bbox 2378 2086 2514 2156; x_wconf 80' lang='lat' dir='ltr'>dn·</span> 
     </span>
     <span class='ocr_line' id='line_1_17' title="bbox 592 2198 2516 2290; baseline 0.001 -24"><span class='ocrx_word' id='word_1_118' title='bbox 592 2219 784 2281; x_wconf 69' lang='lat' dir='ltr'>mus»,</span> <span class='ocrx_word' id='word_1_119' title='bbox 838 2213 910 2267; x_wconf 91' lang='lat' dir='ltr'>et</span> <span class='ocrx_word' id='word_1_120' title='bbox 947 2198 1348 2290; x_wconf 71' lang='lat' dir='ltr'>periculum</span> <span class='ocrx_word' id='word_1_121' title='bbox 1389 2200 1818 2287; x_wconf 83' lang='lat' dir='ltr'>liberorum,</span> <span class='ocrx_word' id='word_1_122' title='bbox 1868 2216 1941 2272; x_wconf 88' lang='lat' dir='ltr'>et</span> <span class='ocrx_word' id='word_1_123' title='bbox 1972 2198 2335 2271; x_wconf 80' lang='lat' dir='ltr'>obsidium</span> <span class='ocrx_word' id='word_1_124' title='bbox 2381 2219 2516 2288; x_wconf 84' lang='lat' dir='ltr'>pa·-</span> 
     </span>
     <span class='ocr_line' id='line_1_18' title="bbox 589 2305 2515 2405; baseline -0.001 -28"><span class='ocrx_word' id='word_1_125' title='bbox 589 2305 800 2394; x_wconf 76' lang='lat' dir='ltr'>triae,</span> <span class='ocrx_word' id='word_1_126' title='bbox 825 2323 899 2377; x_wconf 90' lang='lat' dir='ltr'>et</span> <span class='ocrx_word' id='word_1_127' title='bbox 929 2307 1292 2380; x_wconf 79' lang='lat' dir='ltr'>bonorum</span> <span class='ocrx_word' id='word_1_128' title='bbox 1321 2311 1661 2405; x_wconf 86' lang='lat' dir='ltr'>direptio:</span> <span class='ocrx_word' id='word_1_129' title='bbox 1694 2311 1921 2384; x_wconf 84' lang='lat' dir='ltr'>adiice</span> <span class='ocrx_word' id='word_1_130' title='bbox 1944 2313 2079 2382; x_wconf 79' lang='lat' dir='ltr'>isto</span> <span class='ocrx_word' id='word_1_131' title='bbox 2104 2307 2465 2404; x_wconf 63' lang='lat' dir='ltr'>naufragia</span> <span class='ocrx_word' id='word_1_132' title='bbox 2484 2355 2515 2395; x_wconf 90' lang='lat'>‚</span> 
     </span>
     <span class='ocr_line' id='line_1_19' title="bbox 591 2420 2514 2515; baseline 0.002 -30"><span class='ocrx_word' id='word_1_133' title='bbox 591 2432 984 2509; x_wconf 85' lang='lat' dir='ltr'>motusque</span> <span class='ocrx_word' id='word_1_134' title='bbox 1009 2434 1374 2508; x_wconf 76' lang='lat' dir='ltr'>terrarum,</span> <span class='ocrx_word' id='word_1_135' title='bbox 1409 2438 1482 2492; x_wconf 91' lang='lat' dir='ltr'>et</span> <span class='ocrx_word' id='word_1_136' title='bbox 1504 2422 1872 2515; x_wconf 89' lang='lat' dir='ltr'>quidquid</span> <span class='ocrx_word' id='word_1_137' title='bbox 1898 2420 2091 2494; x_wconf 88' lang='lat' dir='ltr'>aliud</span> <span class='ocrx_word' id='word_1_138' title='bbox 2112 2420 2349 2492; x_wconf 73' lang='lat' dir='ltr'>timeri</span> <span class='ocrx_word' id='word_1_139' title='bbox 2380 2423 2514 2510; x_wconf 74' lang='lat' dir='ltr'>pe·</span> 
     </span>
     <span class='ocr_line' id='line_1_20' title="bbox 594 2528 2539 2623; baseline 0.001 -25"><span class='ocrx_word' id='word_1_140' title='bbox 594 2543 748 2598; x_wconf 86' lang='lat' dir='ltr'>test.</span> <span class='ocrx_word' id='word_1_141' title='bbox 782 2528 974 2621; x_wconf 51' lang='lat' dir='ltr'>Inte:</span> <span class='ocrx_word' id='word_1_142' title='bbox 997 2528 1128 2599; x_wconf 67' lang='lat' dir='ltr'>ism</span> <span class='ocrx_word' id='word_1_143' title='bbox 1153 2528 1509 2604; x_wconf 76' lang='lat' dir='ltr'>districtus</span> <span class='ocrx_word' id='word_1_144' title='bbox 1530 2582 1553 2621; x_wconf 84' lang='lat'>‚</span> <span class='ocrx_word' id='word_1_145' title='bbox 1580 2532 1791 2603; x_wconf 79' lang='lat' dir='ltr'>rebus</span> <span class='ocrx_word' id='word_1_146' title='bbox 1812 2582 1836 2620; x_wconf 89' lang='lat'><strong>,</strong></span> <span class='ocrx_word' id='word_1_147' title='bbox 1864 2533 2043 2603; x_wconf 84' lang='lat' dir='ltr'>nihil</span> <span class='ocrx_word' id='word_1_148' title='bbox 2063 2530 2255 2603; x_wconf 83' lang='lat' dir='ltr'>aliud</span> <span class='ocrx_word' id='word_1_149' title='bbox 2283 2541 2539 2623; x_wconf 77' lang='lat' dir='ltr'>quam‘</span> 
     </span>
     <span class='ocr_line' id='line_1_21' title="bbox 593 2636 2514 2735; baseline 0.001 -26"><span class='ocrx_word' id='word_1_150' title='bbox 593 2636 920 2709; x_wconf 83' lang='lat' dir='ltr'>animum</span> <span class='ocrx_word' id='word_1_151' title='bbox 949 2639 1515 2731; x_wconf 76' lang='lat' dir='ltr'>oblectantibus,</span> <span class='ocrx_word' id='word_1_152' title='bbox 1542 2646 1783 2714; x_wconf 74' lang='lat' dir='ltr'>vacas?</span> <span class='ocrx_word' id='word_1_153' title='bbox 1813 2643 1993 2735; x_wconf 85' lang='lat' dir='ltr'>quid</span> <span class='ocrx_word' id='word_1_154' title='bbox 2014 2644 2199 2713; x_wconf 77' lang='lat' dir='ltr'>inter</span> <span class='ocrx_word' id='word_1_155' title='bbox 2224 2636 2514 2735; x_wconf 81' lang='lat' dir='ltr'>Sapien-</span> 
     </span>
     <span class='ocr_line' id='line_1_22' title="bbox 591 2748 2565 2847; baseline 0.002 -30"><span class='ocrx_word' id='word_1_156' title='bbox 591 2748 766 2817; x_wconf 83' lang='lat' dir='ltr'>tiam</span> <span class='ocrx_word' id='word_1_157' title='bbox 790 2796 812 2834; x_wconf 93' lang='lat'><strong>,</strong></span> <span class='ocrx_word' id='word_1_158' title='bbox 839 2768 914 2817; x_wconf 87' lang='lat' dir='ltr'>et</span> <span class='ocrx_word' id='word_1_159' title='bbox 938 2769 1176 2843; x_wconf 80' lang='lat' dir='ltr'>sapere</span> <span class='ocrx_word' id='word_1_160' title='bbox 1199 2749 1471 2823; x_wconf 84' lang='lat' dir='ltr'>intersit</span> <span class='ocrx_word' id='word_1_161' title='bbox 1488 2806 1509 2841; x_wconf 95' lang='lat'><strong>,</strong></span> <span class='ocrx_word' id='word_1_162' title='bbox 1534 2754 1885 2847; x_wconf 81' lang='lat' dir='ltr'>inquiris?</span> <span class='ocrx_word' id='word_1_163' title='bbox 1927 2753 2161 2824; x_wconf 77' lang='lat' dir='ltr'>nodos</span> <span class='ocrx_word' id='word_1_164' title='bbox 2188 2750 2411 2823; x_wconf 81' lang='lat' dir='ltr'>nectis</span> <span class='ocrx_word' id='word_1_165' title='bbox 2430 2774 2510 2821; x_wconf 88' lang='lat' dir='ltr'>ac</span> <span class='ocrx_word' id='word_1_166' title='bbox 2560 2756 2565 2759; x_wconf 80' lang='grc'><strong>’</strong></span> 
     </span>
     <span class='ocr_line' id='line_1_23' title="bbox 592 2859 2505 2957; baseline 0.002 -30"><span class='ocrx_word' id='word_1_167' title='bbox 592 2859 798 2929; x_wconf 77' lang='lat' dir='ltr'>solvis</span> <span class='ocrx_word' id='word_1_168' title='bbox 815 2910 838 2945; x_wconf 88' lang='lat'>,</span> <span class='ocrx_word' id='word_1_169' title='bbox 879 2876 1071 2931; x_wconf 83' lang='lat' dir='ltr'>tanta</span> <span class='ocrx_word' id='word_1_170' title='bbox 1115 2866 1308 2934; x_wconf 86' lang='lat' dir='ltr'>mole</span> <span class='ocrx_word' id='word_1_171' title='bbox 1351 2865 1795 2957; x_wconf 86' lang='lat' dir='ltr'>inpendente</span> <span class='ocrx_word' id='word_1_172' title='bbox 1838 2865 2054 2957; x_wconf 85' lang='lat' dir='ltr'>capiti</span> <span class='ocrx_word' id='word_1_173' title='bbox 2098 2881 2231 2933; x_wconf 85' lang='lat' dir='ltr'>tuo</span> <span class='ocrx_word' id='word_1_174' title='bbox 2250 2864 2284 2933; x_wconf 64' lang='grc' dir='ltr'><strong><em>ἓ</em></strong></span> <span class='ocrx_word' id='word_1_175' title='bbox 2326 2863 2505 2931; x_wconf 79' lang='lat' dir='ltr'>Non</span> 
     </span>
     <span class='ocr_line' id='line_1_24' title="bbox 595 2967 2509 3064; baseline 0.002 -30"><span class='ocrx_word' id='word_1_176' title='bbox 595 2983 740 3035; x_wconf 83' lang='lat' dir='ltr'>tam</span> <span class='ocrx_word' id='word_1_177' title='bbox 777 2967 1179 3063; x_wconf 84' lang='lat' dir='ltr'>benignum</span> <span class='ocrx_word' id='word_1_178' title='bbox 1221 2994 1301 3039; x_wconf 84' lang='lat' dir='ltr'>ac</span> <span class='ocrx_word' id='word_1_179' title='bbox 1347 2971 1633 3041; x_wconf 81' lang='lat' dir='ltr'>liberale</span> <span class='ocrx_word' id='word_1_180' title='bbox 1676 2990 1961 3064; x_wconf 72' lang='lat' dir='ltr'>tempus</span> <span class='ocrx_word' id='word_1_181' title='bbox 2002 2988 2251 3043; x_wconf 80' lang='lat' dir='ltr'>natura</span> <span class='ocrx_word' id='word_1_182' title='bbox 2292 2970 2509 3041; x_wconf 67' lang='lat' dir='ltr'>nobis</span> 
     </span>
     <span class='ocr_line' id='line_1_25' title="bbox 593 3073 2501 3172; baseline 0.003 -29"><span class='ocrx_word' id='word_1_183' title='bbox 593 3073 800 3155; x_wconf 80' lang='lat' dir='ltr'>dedit</span> <span class='ocrx_word' id='word_1_184' title='bbox 821 3122 844 3158; x_wconf 91' lang='lat'><strong>,</strong></span> <span class='ocrx_word' id='word_1_185' title='bbox 883 3093 967 3145; x_wconf 88' lang='lat' dir='ltr'>ut</span> <span class='ocrx_word' id='word_1_186' title='bbox 993 3076 1268 3167; x_wconf 86' lang='lat' dir='ltr'>aliquid</span> <span class='ocrx_word' id='word_1_187' title='bbox 1300 3100 1393 3147; x_wconf 82' lang='lat' dir='ltr'>ex</span> <span class='ocrx_word' id='word_1_188' title='bbox 1419 3079 1545 3149; x_wconf 91' lang='lat' dir='ltr'>illo</span> <span class='ocrx_word' id='word_1_189' title='bbox 1571 3095 1772 3151; x_wconf 82' lang='lat' dir='ltr'>vacet</span> <span class='ocrx_word' id='word_1_190' title='bbox 1804 3079 2139 3172; x_wconf 80' lang='lat' dir='ltr'>perdere!</span> <span class='ocrx_word' id='word_1_191' title='bbox 2177 3080 2268 3151; x_wconf 85' lang='lat' dir='ltr'>Et</span> <span class='ocrx_word' id='word_1_192' title='bbox 2292 3078 2501 3169; x_wconf 86' lang='lat' dir='ltr'>vide,</span> 
     </span>
     <span class='ocr_line' id='line_1_26' title="bbox 599 3174 2504 3285; baseline 0.004 -34"><span class='ocrx_word' id='word_1_193' title='bbox 599 3204 820 3274; x_wconf 83' lang='lat' dir='ltr'>quam</span> <span class='ocrx_word' id='word_1_194' title='bbox 847 3184 1074 3253; x_wconf 79' lang='lat' dir='ltr'>multa</span> <span class='ocrx_word' id='word_1_195' title='bbox 1107 3184 1318 3257; x_wconf 84' lang='lat' dir='ltr'>etiam</span> <span class='ocrx_word' id='word_1_196' title='bbox 1356 3185 1897 3285; x_wconf 79' lang='lat' dir='ltr'>diligentissimis</span> <span class='ocrx_word' id='word_1_197' title='bbox 1924 3210 2255 3280; x_wconf 83' lang='lat' dir='ltr'>pereant:</span> <span class='ocrx_word' id='word_1_198' title='bbox 2304 3174 2504 3259; x_wconf 67' lang='lat' dir='ltr'>aliud</span> 
     </span>
     <span class='ocr_line' id='line_1_27' title="bbox 594 3291 2500 3389; baseline 0.003 -23"><span class='ocrx_word' id='word_1_199' title='bbox 594 3291 916 3366; x_wconf 84' lang='lat' dir='ltr'>valitudo</span> <span class='ocrx_word' id='word_1_200' title='bbox 943 3316 1064 3365; x_wconf 73' lang='lat' dir='ltr'>sua</span> <span class='ocrx_word' id='word_1_201' title='bbox 1085 3294 1350 3388; x_wconf 88' lang='lat' dir='ltr'>cuique</span> <span class='ocrx_word' id='word_1_202' title='bbox 1367 3296 1692 3385; x_wconf 79' lang='lat' dir='ltr'>abstulit,</span> <span class='ocrx_word' id='word_1_203' title='bbox 1716 3298 1916 3369; x_wconf 82' lang='lat' dir='ltr'>aliud</span> <span class='ocrx_word' id='word_1_204' title='bbox 1940 3314 2233 3371; x_wconf 76' lang='lat' dir='ltr'>suorum</span> <span class='ocrx_word' id='word_1_205' title='bbox 2254 3326 2277 3389; x_wconf 68' lang='grc' dir='ltr'><strong><em>ς</em></strong></span> <span class='ocrx_word' id='word_1_206' title='bbox 2302 3298 2500 3371; x_wconf 66' lang='lat' dir='ltr'>aliud</span> 
     </span>
     <span class='ocr_line' id='line_1_28' title="bbox 595 3399 2504 3504; baseline 0.005 -34"><span class='ocrx_word' id='word_1_207' title='bbox 595 3399 1281 3499; x_wconf 67' lang='lat' dir='ltr'>necessatianegqtia</span> <span class='ocrx_word' id='word_1_208' title='bbox 1305 3454 1328 3491; x_wconf 92' lang='lat'>,</span> <span class='ocrx_word' id='word_1_209' title='bbox 1371 3404 1567 3475; x_wconf 82' lang='lat' dir='ltr'>aliud</span> <span class='ocrx_word' id='word_1_210' title='bbox 1596 3405 1888 3498; x_wconf 81' lang='lat' dir='ltr'>publica</span> <span class='ocrx_word' id='word_1_211' title='bbox 1928 3424 2504 3504; x_wconf 63' lang='lat' dir='ltr'>occupavemntg</span> 
     </span>
     <span class='ocr_line' id='line_1_29' title="bbox 595 3511 2504 3613; baseline 0.005 -32"><span class='ocrx_word' id='word_1_212' title='bbox 595 3511 818 3583; x_wconf 78' lang='lat' dir='ltr'>vitam</span> <span class='ocrx_word' id='word_1_213' title='bbox 841 3512 1216 3585; x_wconf 72' lang='lat' dir='ltr'>nobiscum</span> <span class='ocrx_word' id='word_1_214' title='bbox 1238 3513 1503 3585; x_wconf 80' lang='lat' dir='ltr'>dividit</span> <span class='ocrx_word' id='word_1_215' title='bbox 1522 3540 1834 3591; x_wconf 69' lang='lat' dir='ltr'>somnus.</span> <span class='ocrx_word' id='word_1_216' title='bbox 1860 3518 1971 3591; x_wconf 80' lang='lat' dir='ltr'>Ex</span> <span class='ocrx_word' id='word_1_217' title='bbox 1985 3522 2125 3593; x_wconf 85' lang='lat' dir='ltr'>h&#39;oc</span> <span class='ocrx_word' id='word_1_218' title='bbox 2144 3534 2504 3613; x_wconf 68' lang='lat' dir='ltr'>tempore,</span> 
     </span>
     <span class='ocr_line' id='line_1_30' title="bbox 596 3625 2505 3726; baseline 0.011 -35"><span class='ocrx_word' id='word_1_219' title='bbox 596 3641 746 3691; x_wconf 81' lang='lat' dir='ltr'>tam</span> <span class='ocrx_word' id='word_1_220' title='bbox 789 3640 1087 3720; x_wconf 75' lang='lat' dir='ltr'>angusto</span> <span class='ocrx_word' id='word_1_221' title='bbox 1129 3644 1204 3697; x_wconf 80' lang='lat' dir='ltr'>et</span> <span class='ocrx_word' id='word_1_222' title='bbox 1235 3625 1486 3721; x_wconf 79' lang='lat' dir='ltr'>rapido</span> <span class='ocrx_word' id='word_1_223' title='bbox 1504 3677 1527 3716; x_wconf 91' lang='lat'><strong>,</strong></span> <span class='ocrx_word' id='word_1_224' title='bbox 1577 3644 1650 3710; x_wconf 86' lang='lat' dir='ltr'>et</span> <span class='ocrx_word' id='word_1_225' title='bbox 1680 3654 1811 3703; x_wconf 81' lang='lat' dir='ltr'>nos</span> <span class='ocrx_word' id='word_1_226' title='bbox 1852 3634 2255 3722; x_wconf 71' lang='lat' dir='ltr'>auferente,¹</span> <span class='ocrx_word' id='word_1_227' title='bbox 2314 3636 2505 3726; x_wconf 73' lang='lat' dir='ltr'>quid</span> 
     </span>
     <span class='ocr_line' id='line_1_31' title="bbox 563 3738 2509 3833; baseline 0.005 -26"><span class='ocrx_word' id='word_1_228' title='bbox 563 3806 566 3813; x_wconf 86' lang='grc'><strong>,</strong></span> <span class='ocrx_word' id='word_1_229' title='bbox 596 3738 792 3807; x_wconf 82' lang='lat' dir='ltr'>iuvat</span> <span class='ocrx_word' id='word_1_230' title='bbox 823 3738 1162 3810; x_wconf 76' lang='lat' dir='ltr'>maiorem</span> <span class='ocrx_word' id='word_1_231' title='bbox 1198 3757 1474 3833; x_wconf 75' lang='lat' dir='ltr'>partem</span> <span class='ocrx_word' id='word_1_232' title='bbox 1517 3742 1797 3817; x_wconf 80' lang='lat' dir='ltr'>mittere</span> <span class='ocrx_word' id='word_1_233' title='bbox 1824 3746 1899 3815; x_wconf 89' lang='lat' dir='ltr'>in</span> <span class='ocrx_word' id='word_1_234' title='bbox 1944 3745 2256 3819; x_wconf 78' lang='lat' dir='ltr'>vanum?</span> <span class='ocrx_word' id='word_1_235' title='bbox 2304 3744 2509 3817; x_wconf 82' lang='lat' dir='ltr'>Adii·</span> 
     </span>
     <span class='ocr_line' id='line_1_32' title="bbox 599 3853 2507 3955; baseline 0.009 -38"><span class='ocrx_word' id='word_1_236' title='bbox 599 3870 680 3917; x_wconf 79' lang='lat' dir='ltr'>ee</span> <span class='ocrx_word' id='word_1_237' title='bbox 707 3869 902 3921; x_wconf 87' lang='lat' dir='ltr'>nunc</span> <span class='ocrx_word' id='word_1_238' title='bbox 921 3900 944 3939; x_wconf 90' lang='lat'><strong>,</strong></span> <span class='ocrx_word' id='word_1_239' title='bbox 973 3855 1180 3945; x_wconf 87' lang='lat' dir='ltr'>quod</span> <span class='ocrx_word' id='word_1_240' title='bbox 1213 3853 1557 3928; x_wconf 71' lang='lat' dir='ltr'>adsuescit</span> <span class='ocrx_word' id='word_1_241' title='bbox 1597 3857 1875 3931; x_wconf 82' lang='lat' dir='ltr'>animus</span> <span class='ocrx_word' id='word_1_242' title='bbox 1896 3860 2247 3934; x_wconf 73' lang='lat' dir='ltr'>delectare</span> <span class='ocrx_word' id='word_1_243' title='bbox 2270 3884 2347 3933; x_wconf 77' lang='lat' dir='ltr'>se</span> <span class='ocrx_word' id='word_1_244' title='bbox 2371 3885 2507 3955; x_wconf 86' lang='lat' dir='ltr'>po—</span> 
     </span>
    </p>
   </div>
  </div>
 </body>
</html>
