<?xml version="1.0" encoding="UTF-8"?>
<!DOCTYPE html PUBLIC "-//W3C//DTD XHTML 1.0 Transitional//EN"
    "http://www.w3.org/TR/xhtml1/DTD/xhtml1-transitional.dtd">
<html xmlns="http://www.w3.org/1999/xhtml" xml:lang="en" lang="en">
 <head>
  <title>
</title>
<meta http-equiv="Content-Type" content="text/html;charset=utf-8" />
  <meta name='ocr-system' content='tesseract 3.04.00' />
  <meta name='ocr-capabilities' content='ocr_page ocr_carea ocr_par ocr_line ocrx_word'/>
</head>
<body>
  <div class='ocr_page' id='page_1' title='image "./lannaeisenecaea00bipogoog_0102.png"; bbox 0 0 2759 4825; ppageno 0'>
   <div class='ocr_carea' id='block_1_1' title="bbox 566 420 2100 533">
    <p class='ocr_par' dir='ltr' id='par_1_1' title="bbox 566 420 2100 533">
     <span class='ocr_line' id='line_1_1' title="bbox 566 420 2100 533; baseline -0.005 -31"><span class='ocrx_word' id='word_1_1' title='bbox 566 456 664 533; x_wconf 84' lang='lat'>94</span> <span class='ocrx_word' id='word_1_2' title='bbox 932 429 1015 500; x_wconf 88' lang='lat' dir='ltr'>L.</span> <span class='ocrx_word' id='word_1_3' title='bbox 1063 424 1517 498; x_wconf 81' lang='lat' dir='ltr'><strong>ANNAEI</strong></span> <span class='ocrx_word' id='word_1_4' title='bbox 1566 420 2100 498; x_wconf 75' lang='lat' dir='ltr'><strong>SENECAE</strong></span> 
     </span>
    </p>
   </div>
   <div class='ocr_carea' id='block_1_2' title="bbox 565 582 2499 1007">
    <p class='ocr_par' dir='ltr' id='par_1_2' title="bbox 565 582 2499 902">
     <span class='ocr_line' id='line_1_2' title="bbox 567 582 2499 680; baseline -0.005 -18"><span class='ocrx_word' id='word_1_5' title='bbox 567 607 672 663; x_wconf 86' lang='lat' dir='ltr'>est</span> <span class='ocrx_word' id='word_1_6' title='bbox 691 611 888 660; x_wconf 81' lang='lat' dir='ltr'>amor</span> <span class='ocrx_word' id='word_1_7' title='bbox 907 637 932 675; x_wconf 85' lang='lat'>‚</span> <span class='ocrx_word' id='word_1_8' title='bbox 957 601 1032 658; x_wconf 74' lang='lat' dir='ltr'>et</span> <span class='ocrx_word' id='word_1_9' title='bbox 1056 609 1282 680; x_wconf 85' lang='lat' dir='ltr'>paene</span> <span class='ocrx_word' id='word_1_10' title='bbox 1307 584 1631 674; x_wconf 81' lang='lat' dir='ltr'>rabidus,</span> <span class='ocrx_word' id='word_1_11' title='bbox 1663 584 1793 656; x_wconf 86' lang='lat' dir='ltr'>sed</span> <span class='ocrx_word' id='word_1_12' title='bbox 1818 609 1985 656; x_wconf 89' lang='lat' dir='ltr'>cum</span> <span class='ocrx_word' id='word_1_13' title='bbox 2010 582 2267 656; x_wconf 75' lang='lat' dir='ltr'>amissis</span> <span class='ocrx_word' id='word_1_14' title='bbox 2292 597 2499 654; x_wconf 72' lang='lat' dir='ltr'>totus</span> 
     </span>
     <span class='ocr_line' id='line_1_3' title="bbox 567 693 2487 795; baseline -0.004 -22"><span class='ocrx_word' id='word_1_15' title='bbox 567 700 1054 795; x_wconf 77' lang='lat' dir='ltr'>exstinguitur.</span> <span class='ocrx_word' id='word_1_16' title='bbox 1085 696 1246 766; x_wconf 85' lang='lat' dir='ltr'>Hoc</span> <span class='ocrx_word' id='word_1_17' title='bbox 1293 695 1729 788; x_wconf 82' lang='lat' dir='ltr'>prudentem</span> <span class='ocrx_word' id='word_1_18' title='bbox 1770 695 2007 766; x_wconf 84' lang='lat' dir='ltr'>virum</span> <span class='ocrx_word' id='word_1_19' title='bbox 2036 717 2188 766; x_wconf 90' lang='lat' dir='ltr'>non</span> <span class='ocrx_word' id='word_1_20' title='bbox 2232 693 2445 766; x_wconf 86' lang='lat' dir='ltr'>decet</span> <span class='ocrx_word' id='word_1_21' title='bbox 2466 721 2487 765; x_wconf 65' lang='grc' dir='ltr'>ι</span> 
     </span>
     <span class='ocr_line' id='line_1_4' title="bbox 565 789 2101 902; baseline -0.007 -18"><span class='ocrx_word' id='word_1_22' title='bbox 565 807 964 884; x_wconf 74' lang='lat' dir='ltr'>meminisse</span> <span class='ocrx_word' id='word_1_23' title='bbox 987 789 1421 902; x_wconf 80' lang='lat' dir='ltr'>perseveret,</span> <span class='ocrx_word' id='word_1_24' title='bbox 1460 806 1703 902; x_wconf 85' lang='lat' dir='ltr'>lugere</span> <span class='ocrx_word' id='word_1_25' title='bbox 1728 803 2019 878; x_wconf 69' lang='lat' dir='ltr'>desinat.</span> <span class='ocrx_word' id='word_1_26' title='bbox 2048 811 2101 850; x_wconf 87' lang='lat'><strong>“</strong></span> 
     </span>
    </p>

    <p class='ocr_par' dir='ltr' id='par_1_3' title="bbox 664 912 2493 1007">
     <span class='ocr_line' id='line_1_5' title="bbox 664 912 2493 1007; baseline -0.002 -19"><span class='ocrx_word' id='word_1_27' title='bbox 664 917 925 1007; x_wconf 85' lang='lat' dir='ltr'>„Illud</span> <span class='ocrx_word' id='word_1_28' title='bbox 951 916 1158 986; x_wconf 87' lang='lat' dir='ltr'>nullo</span> <span class='ocrx_word' id='word_1_29' title='bbox 1183 913 1411 986; x_wconf 89' lang='lat' dir='ltr'>modo</span> <span class='ocrx_word' id='word_1_30' title='bbox 1434 913 1705 1006; x_wconf 84' lang='lat' dir='ltr'>prob0,</span> <span class='ocrx_word' id='word_1_31' title='bbox 1737 912 1943 1006; x_wconf 86' lang='lat' dir='ltr'>quod</span> <span class='ocrx_word' id='word_1_32' title='bbox 1968 912 2065 984; x_wconf 82' lang='lat' dir='ltr'>ait</span> <span class='ocrx_word' id='word_1_33' title='bbox 2094 913 2175 983; x_wconf 90' lang='lat' dir='ltr'>M</span> <span class='ocrx_word' id='word_1_34' title='bbox 2194 932 2239 982; x_wconf 74' lang='grc' dir='ltr'><strong><em>Β</em></strong></span> <span class='ocrx_word' id='word_1_35' title='bbox 2258 933 2309 983; x_wconf 81' lang='lat'>1·</span> <span class='ocrx_word' id='word_1_36' title='bbox 2328 933 2493 984; x_wconf 73' lang='lat' dir='ltr'>Ro-</span> 
     </span>
    </p>
   </div>
   <div class='ocr_carea' id='block_1_3' title="bbox 566 1025 2565 1122">
    <p class='ocr_par' dir='ltr' id='par_1_4' title="bbox 566 1025 2565 1122">
     <span class='ocr_line' id='line_1_6' title="bbox 566 1025 2565 1122; baseline -0.003 -18"><span class='ocrx_word' id='word_1_37' title='bbox 566 1050 624 1104; x_wconf 82' lang='lat' dir='ltr'>D</span> <span class='ocrx_word' id='word_1_38' title='bbox 651 1049 699 1100; x_wconf 91' lang='lat' dir='ltr'>o</span> <span class='ocrx_word' id='word_1_39' title='bbox 722 1050 772 1102; x_wconf 78' lang='lat' dir='ltr'>R</span> <span class='ocrx_word' id='word_1_40' title='bbox 799 1042 907 1098; x_wconf 81' lang='lat' dir='ltr'>Us</span> <span class='ocrx_word' id='word_1_41' title='bbox 933 1077 958 1114; x_wconf 88' lang='lat'>‚</span> <span class='ocrx_word' id='word_1_42' title='bbox 1007 1052 1142 1098; x_wconf 80' lang='lat' dir='ltr'>esse</span> <span class='ocrx_word' id='word_1_43' title='bbox 1189 1026 1475 1122; x_wconf 83' lang='lat' dir='ltr'><em>aliquam</em></span> <span class='ocrx_word' id='word_1_44' title='bbox 1530 1042 1874 1118; x_wconf 78' lang='lat' dir='ltr'>cognatam</span> <span class='ocrx_word' id='word_1_45' title='bbox 1944 1025 2253 1094; x_wconf 78' lang='lat' dir='ltr'>tristitiae</span> <span class='ocrx_word' id='word_1_46' title='bbox 2298 1025 2490 1096; x_wconf 74' lang='lat' dir='ltr'>volu-</span> <span class='ocrx_word' id='word_1_47' title='bbox 2560 1095 2565 1098; x_wconf 87' lang='lat'>.</span> 
     </span>
    </p>
   </div>
   <div class='ocr_carea' id='block_1_4' title="bbox 555 1131 2489 1344">
    <p class='ocr_par' dir='ltr' id='par_1_5' title="bbox 555 1131 2489 1344">
     <span class='ocr_line' id='line_1_7' title="bbox 555 1131 2489 1242; baseline -0.004 -32"><span class='ocrx_word' id='word_1_48' title='bbox 555 1157 810 1242; x_wconf 75' lang='lat' dir='ltr'>protem</span> <span class='ocrx_word' id='word_1_49' title='bbox 829 1165 854 1210; x_wconf 84' lang='lat'>.-</span> <span class='ocrx_word' id='word_1_50' title='bbox 907 1136 1071 1206; x_wconf 79' lang='lat' dir='ltr'>ltanc</span> <span class='ocrx_word' id='word_1_51' title='bbox 1123 1160 1252 1204; x_wconf 86' lang='lat' dir='ltr'>esse</span> <span class='ocrx_word' id='word_1_52' title='bbox 1299 1133 1687 1232; x_wconf 81' lang='lat' dir='ltr'>captandam</span> <span class='ocrx_word' id='word_1_53' title='bbox 1729 1135 1796 1203; x_wconf 85' lang='lat' dir='ltr'>in</span> <span class='ocrx_word' id='word_1_54' title='bbox 1844 1131 2147 1202; x_wconf 82' lang='lat' dir='ltr'>eiusmodi</span> <span class='ocrx_word' id='word_1_55' title='bbox 2188 1149 2489 1228; x_wconf 78' lang='lat' dir='ltr'>tempore.</span> 
     </span>
     <span class='ocr_line' id='line_1_8' title="bbox 567 1230 2486 1344; baseline -0.003 -24"><span class='ocrx_word' id='word_1_56' title='bbox 567 1253 722 1344; x_wconf 87' lang='lat' dir='ltr'>Ipsa</span> <span class='ocrx_word' id='word_1_57' title='bbox 751 1249 1247 1318; x_wconf 80' lang='lat' dir='ltr'><strong>METRODORI</strong></span> <span class='ocrx_word' id='word_1_58' title='bbox 1267 1243 1479 1314; x_wconf 88' lang='lat' dir='ltr'>verba</span> <span class='ocrx_word' id='word_1_59' title='bbox 1506 1241 1899 1334; x_wconf 80' lang='lat' dir='ltr'>subscripsi.</span> <span class='ocrx_word' id='word_1_60' title='bbox 1924 1230 2486 1344; x_wconf 63' lang='grc' dir='ltr'>Μητροδώρου</span> 
     </span>
    </p>
   </div>
   <div class='ocr_carea' id='block_1_5' title="bbox 567 1343 2483 1458">
    <p class='ocr_par' dir='ltr' id='par_1_6' title="bbox 567 1343 2483 1458">
     <span class='ocr_line' id='line_1_9' title="bbox 567 1343 2483 1458; baseline -0.003 -21"><span class='ocrx_word' id='word_1_61' title='bbox 567 1349 1093 1437; x_wconf 53' lang='lat' dir='ltr'>‘Evae-voa&amp;</span> <span class='ocrx_word' id='word_1_62' title='bbox 1131 1348 1341 1458; x_wconf 71' lang='grc' dir='ltr'>πρὸς</span> <span class='ocrx_word' id='word_1_63' title='bbox 1373 1347 1930 1448; x_wconf 51' lang='lat' dir='ltr'>‘rheimbach</span> <span class='ocrx_word' id='word_1_64' title='bbox 1966 1343 2309 1431; x_wconf 72' lang='grc' dir='ltr'><strong><em>εί.”Εστιν</em></strong></span> <span class='ocrx_word' id='word_1_65' title='bbox 2338 1350 2483 1458; x_wconf 66' lang='grc' dir='ltr'>γάρ</span> 
     </span>
    </p>
   </div>
   <div class='ocr_carea' id='block_1_6' title="bbox 566 1454 2489 2011">
    <p class='ocr_par' dir='ltr' id='par_1_7' title="bbox 566 1454 2489 2011">
     <span class='ocr_line' id='line_1_10' title="bbox 569 1454 2487 1569; baseline -0.002 -24"><span class='ocrx_word' id='word_1_66' title='bbox 569 1498 670 1556; x_wconf 74' lang='grc' dir='ltr'>τις</span> <span class='ocrx_word' id='word_1_67' title='bbox 711 1454 1314 1569; x_wconf 59' lang='grc' dir='ltr'>[λύηισνγγενῆς]</span> <span class='ocrx_word' id='word_1_68' title='bbox 1359 1457 1573 1556; x_wconf 49' lang='lat' dir='ltr'>ihi,</span> <span class='ocrx_word' id='word_1_69' title='bbox 1615 1458 1682 1546; x_wconf 66' lang='grc' dir='ltr'>ἢν</span> <span class='ocrx_word' id='word_1_70' title='bbox 1726 1470 2079 1566; x_wconf 63' lang='grc' dir='ltr'>κυνηγετεῖν</span> <span class='ocrx_word' id='word_1_71' title='bbox 2110 1457 2300 1543; x_wconf 54' lang='lat' dir='ltr'>mbo</span> <span class='ocrx_word' id='word_1_72' title='bbox 2324 1469 2487 1542; x_wconf 74' lang='grc' dir='ltr'>τοῦ·</span> 
     </span>
     <span class='ocr_line' id='line_1_11' title="bbox 567 1571 2489 1680; baseline -0.005 -24"><span class='ocrx_word' id='word_1_73' title='bbox 567 1608 677 1671; x_wconf 61' lang='lat' dir='ltr'>‘ton</span> <span class='ocrx_word' id='word_1_74' title='bbox 713 1573 824 1655; x_wconf 74' lang='grc' dir='ltr'>τὸν</span> <span class='ocrx_word' id='word_1_75' title='bbox 847 1571 1079 1680; x_wconf 71' lang='grc' dir='ltr'>καιρόν.</span> <span class='ocrx_word' id='word_1_76' title='bbox 1115 1579 1225 1648; x_wconf 91' lang='lat' dir='ltr'>De</span> <span class='ocrx_word' id='word_1_77' title='bbox 1253 1578 1517 1669; x_wconf 81' lang='lat' dir='ltr'>quibus</span> <span class='ocrx_word' id='word_1_78' title='bbox 1540 1601 1689 1648; x_wconf 89' lang='lat' dir='ltr'>non</span> <span class='ocrx_word' id='word_1_79' title='bbox 1724 1576 1984 1649; x_wconf 87' lang='lat' dir='ltr'>dubito</span> <span class='ocrx_word' id='word_1_80' title='bbox 2008 1579 2190 1670; x_wconf 88' lang='lat' dir='ltr'>quid</span> <span class='ocrx_word' id='word_1_81' title='bbox 2218 1582 2303 1648; x_wconf 85' lang='lat' dir='ltr'>sis</span> <span class='ocrx_word' id='word_1_82' title='bbox 2322 1601 2489 1648; x_wconf 83' lang='lat' dir='ltr'>sen-</span> 
     </span>
     <span class='ocr_line' id='line_1_12' title="bbox 567 1687 2484 1792; baseline -0.004 -28"><span class='ocrx_word' id='word_1_83' title='bbox 567 1717 786 1765; x_wconf 85' lang='lat' dir='ltr'>surus.</span> <span class='ocrx_word' id='word_1_84' title='bbox 833 1689 1042 1792; x_wconf 77' lang='lat' dir='ltr'>Quid</span> <span class='ocrx_word' id='word_1_85' title='bbox 1084 1688 1283 1760; x_wconf 82' lang='lat' dir='ltr'>enim</span> <span class='ocrx_word' id='word_1_86' title='bbox 1301 1687 1623 1781; x_wconf 84' lang='lat' dir='ltr'>turpius,</span> <span class='ocrx_word' id='word_1_87' title='bbox 1662 1711 1880 1780; x_wconf 82' lang='lat' dir='ltr'>quam</span> <span class='ocrx_word' id='word_1_88' title='bbox 1922 1705 2201 1781; x_wconf 85' lang='lat' dir='ltr'>captare</span> <span class='ocrx_word' id='word_1_89' title='bbox 2224 1687 2299 1755; x_wconf 90' lang='lat' dir='ltr'>in</span> <span class='ocrx_word' id='word_1_90' title='bbox 2323 1688 2484 1779; x_wconf 84' lang='lat' dir='ltr'>ipso</span> 
     </span>
     <span class='ocr_line' id='line_1_13' title="bbox 566 1797 2487 1892; baseline -0.004 -20"><span class='ocrx_word' id='word_1_91' title='bbox 566 1803 770 1873; x_wconf 89' lang='lat' dir='ltr'>luctu</span> <span class='ocrx_word' id='word_1_92' title='bbox 797 1801 1244 1892; x_wconf 83' lang='lat' dir='ltr'>voluptatem</span> <span class='ocrx_word' id='word_1_93' title='bbox 1264 1849 1285 1884; x_wconf 90' lang='lat'>,</span> <span class='ocrx_word' id='word_1_94' title='bbox 1315 1798 1544 1867; x_wconf 86' lang='lat' dir='ltr'>immo</span> <span class='ocrx_word' id='word_1_95' title='bbox 1572 1821 1700 1889; x_wconf 79' lang='lat' dir='ltr'>pet</span> <span class='ocrx_word' id='word_1_96' title='bbox 1722 1798 2036 1882; x_wconf 84' lang='lat' dir='ltr'>luctum3</span> <span class='ocrx_word' id='word_1_97' title='bbox 2068 1811 2143 1868; x_wconf 87' lang='lat' dir='ltr'>et</span> <span class='ocrx_word' id='word_1_98' title='bbox 2172 1797 2354 1867; x_wconf 84' lang='lat' dir='ltr'>inter</span> <span class='ocrx_word' id='word_1_99' title='bbox 2376 1797 2487 1865; x_wconf 80' lang='lat' dir='ltr'>la-</span> 
     </span>
     <span class='ocr_line' id='line_1_14' title="bbox 569 1902 2487 2011; baseline -0.004 -32"><span class='ocrx_word' id='word_1_100' title='bbox 569 1909 815 2011; x_wconf 76' lang='lat' dir='ltr'>crimas</span> <span class='ocrx_word' id='word_1_101' title='bbox 850 1929 1189 1996; x_wconf 85' lang='lat' dir='ltr'>quoque,</span> <span class='ocrx_word' id='word_1_102' title='bbox 1227 1903 1433 1996; x_wconf 90' lang='lat' dir='ltr'>quod</span> <span class='ocrx_word' id='word_1_103' title='bbox 1480 1904 1712 1990; x_wconf 88' lang='lat' dir='ltr'>iuvet,</span> <span class='ocrx_word' id='word_1_104' title='bbox 1754 1903 2145 1996; x_wconf 81' lang='lat' dir='ltr'>quaerere?</span> <span class='ocrx_word' id='word_1_105' title='bbox 2188 1902 2285 1972; x_wconf 90' lang='lat' dir='ltr'>Hi</span> <span class='ocrx_word' id='word_1_106' title='bbox 2310 1916 2487 1974; x_wconf 82' lang='lat' dir='ltr'>sunt</span> 
     </span>
    </p>
   </div>
   <div class='ocr_carea' id='block_1_7' title="bbox 569 2011 2485 2112">
    <p class='ocr_par' dir='ltr' id='par_1_8' title="bbox 569 2011 2485 2112">
     <span class='ocr_line' id='line_1_15' title="bbox 569 2011 2485 2112; baseline -0.004 -22"><span class='ocrx_word' id='word_1_107' title='bbox 569 2017 700 2112; x_wconf 87' lang='lat' dir='ltr'>qui</span> <span class='ocrx_word' id='word_1_108' title='bbox 727 2014 936 2088; x_wconf 86' lang='lat' dir='ltr'>nobis</span> <span class='ocrx_word' id='word_1_109' title='bbox 957 2014 1312 2084; x_wconf 89' lang='lat' dir='ltr'>obiiciunt</span> <span class='ocrx_word' id='word_1_110' title='bbox 1335 2011 1646 2087; x_wconf 84' lang='lat' dir='ltr'>nimium</span> <span class='ocrx_word' id='word_1_111' title='bbox 1672 2015 2002 2109; x_wconf 80' lang='lat' dir='ltr'>rigorem,</span> <span class='ocrx_word' id='word_1_112' title='bbox 2034 2027 2106 2084; x_wconf 89' lang='lat' dir='ltr'>et</span> <span class='ocrx_word' id='word_1_113' title='bbox 2132 2011 2485 2084; x_wconf 84' lang='lat' dir='ltr'>infamant</span> 
     </span>
    </p>
   </div>
   <div class='ocr_carea' id='block_1_8' title="bbox 437 2115 2589 2222">
    <p class='ocr_par' dir='ltr' id='par_1_9' title="bbox 437 2115 2589 2222">
     <span class='ocr_line' id='line_1_16' title="bbox 437 2115 2589 2222; baseline -0.001 -27"><span class='ocrx_word' id='word_1_114' title='bbox 437 2149 454 2185; x_wconf 60' lang='grc' dir='ltr'>τ</span> <span class='ocrx_word' id='word_1_115' title='bbox 567 2140 941 2222; x_wconf 86' lang='lat' dir='ltr'>praecepta</span> <span class='ocrx_word' id='word_1_116' title='bbox 977 2115 1210 2193; x_wconf 82' lang='lat' dir='ltr'>nostra</span> <span class='ocrx_word' id='word_1_117' title='bbox 1241 2121 1497 2193; x_wconf 84' lang='lat' dir='ltr'>duritia</span> <span class='ocrx_word' id='word_1_118' title='bbox 1515 2172 1539 2209; x_wconf 91' lang='lat'>‚</span> <span class='ocrx_word' id='word_1_119' title='bbox 1568 2122 1773 2214; x_wconf 88' lang='lat' dir='ltr'>quod</span> <span class='ocrx_word' id='word_1_120' title='bbox 1802 2121 2118 2194; x_wconf 82' lang='lat' dir='ltr'>dicamus</span> <span class='ocrx_word' id='word_1_121' title='bbox 2148 2120 2483 2194; x_wconf 81' lang='lat' dir='ltr'>dolorem</span> <span class='ocrx_word' id='word_1_122' title='bbox 2586 2165 2589 2172; x_wconf 94' lang='lat'>-</span> 
     </span>
    </p>
   </div>
   <div class='ocr_carea' id='block_1_9' title="bbox 469 2229 2489 2443">
    <p class='ocr_par' dir='ltr' id='par_1_10' title="bbox 469 2229 2489 2443">
     <span class='ocr_line' id='line_1_17' title="bbox 469 2229 2489 2332; baseline -0.002 -25"><span class='ocrx_word' id='word_1_123' title='bbox 469 2320 477 2332; x_wconf 27' lang='grc'><em>1</em></span> <span class='ocrx_word' id='word_1_124' title='bbox 567 2253 694 2308; x_wconf 84' lang='lat' dir='ltr'>aut</span> <span class='ocrx_word' id='word_1_125' title='bbox 715 2231 1247 2304; x_wconf 86' lang='lat' dir='ltr'>admittendum</span> <span class='ocrx_word' id='word_1_126' title='bbox 1271 2231 1345 2300; x_wconf 89' lang='lat' dir='ltr'>in</span> <span class='ocrx_word' id='word_1_127' title='bbox 1363 2229 1687 2302; x_wconf 71' lang='lat' dir='ltr'>animuin</span> <span class='ocrx_word' id='word_1_128' title='bbox 1710 2245 1865 2302; x_wconf 79' lang='lat' dir='ltr'>non·</span> <span class='ocrx_word' id='word_1_129' title='bbox 1880 2255 2045 2318; x_wconf 86' lang='lat' dir='ltr'>esse,</span> <span class='ocrx_word' id='word_1_130' title='bbox 2064 2246 2191 2302; x_wconf 87' lang='lat' dir='ltr'>aut</span> <span class='ocrx_word' id='word_1_131' title='bbox 2204 2232 2348 2304; x_wconf 87' lang='lat' dir='ltr'>cito</span> <span class='ocrx_word' id='word_1_132' title='bbox 2366 2253 2489 2302; x_wconf 81' lang='lat' dir='ltr'>ex·</span> 
     </span>
     <span class='ocr_line' id='line_1_18' title="bbox 568 2342 2484 2443; baseline -0.004 -25"><span class='ocrx_word' id='word_1_133' title='bbox 568 2344 1008 2443; x_wconf 81' lang='lat' dir='ltr'>pellendum.</span> <span class='ocrx_word' id='word_1_134' title='bbox 1041 2343 1300 2415; x_wconf 81' lang='lat' dir='ltr'>Utrum</span> <span class='ocrx_word' id='word_1_135' title='bbox 1339 2343 1634 2417; x_wconf 77' lang='lat' dir='ltr'>tandem</span> <span class='ocrx_word' id='word_1_136' title='bbox 1668 2360 1771 2415; x_wconf 83' lang='lat' dir='ltr'>est</span> <span class='ocrx_word' id='word_1_137' title='bbox 1798 2361 1919 2415; x_wconf 83' lang='lat' dir='ltr'>aut</span> <span class='ocrx_word' id='word_1_138' title='bbox 1956 2342 2436 2415; x_wconf 78' lang='lat' dir='ltr'>incredibilius</span> <span class='ocrx_word' id='word_1_139' title='bbox 2456 2391 2484 2430; x_wconf 87' lang='lat'><strong>,</strong></span> 
     </span>
    </p>
   </div>
   <div class='ocr_carea' id='block_1_10' title="bbox 389 2451 2489 2553">
    <p class='ocr_par' dir='ltr' id='par_1_11' title="bbox 389 2451 2489 2553">
     <span class='ocr_line' id='line_1_19' title="bbox 389 2451 2489 2553; baseline -0.005 -23"><span class='ocrx_word' id='word_1_140' title='bbox 389 2474 393 2479; x_wconf 84' lang='lat'>&#39;</span> <span class='ocrx_word' id='word_1_141' title='bbox 477 2501 482 2505; x_wconf 93' lang='lat'>·</span> <span class='ocrx_word' id='word_1_142' title='bbox 567 2474 695 2529; x_wconf 81' lang='lat' dir='ltr'>aut</span> <span class='ocrx_word' id='word_1_143' title='bbox 722 2454 1209 2540; x_wconf 85' lang='lat' dir='ltr'>inhumanius,</span> <span class='ocrx_word' id='word_1_144' title='bbox 1245 2476 1407 2543; x_wconf 36' lang='lat' dir='ltr'>non·</span> <span class='ocrx_word' id='word_1_145' title='bbox 1435 2454 1691 2525; x_wconf 86' lang='lat' dir='ltr'>sentire</span> <span class='ocrx_word' id='word_1_146' title='bbox 1722 2452 1973 2553; x_wconf 75' lang='lat' dir='ltr'>amisso</span> <span class='ocrx_word' id='word_1_147' title='bbox 2006 2454 2233 2525; x_wconf 86' lang='lat' dir='ltr'>amico</span> <span class='ocrx_word' id='word_1_148' title='bbox 2272 2451 2489 2522; x_wconf 85' lang='lat' dir='ltr'>dolo-</span> 
     </span>
    </p>
   </div>
   <div class='ocr_carea' id='block_1_11' title="bbox 461 2559 2487 3971">
    <p class='ocr_par' dir='ltr' id='par_1_12' title="bbox 461 2559 2487 3971">
     <span class='ocr_line' id='line_1_20' title="bbox 568 2559 2485 2655; baseline -0.004 -18"><span class='ocrx_word' id='word_1_149' title='bbox 568 2590 719 2638; x_wconf 77' lang='lat' dir='ltr'>rem</span> <span class='ocrx_word' id='word_1_150' title='bbox 737 2614 760 2651; x_wconf 89' lang='lat'>‚</span> <span class='ocrx_word' id='word_1_151' title='bbox 789 2588 882 2634; x_wconf 90' lang='lat' dir='ltr'>an</span> <span class='ocrx_word' id='word_1_152' title='bbox 905 2566 1351 2655; x_wconf 85' lang='lat' dir='ltr'>voluptatem</span> <span class='ocrx_word' id='word_1_153' title='bbox 1369 2563 1445 2631; x_wconf 90' lang='lat' dir='ltr'>in</span> <span class='ocrx_word' id='word_1_154' title='bbox 1468 2561 1622 2655; x_wconf 81' lang='lat' dir='ltr'>ipso</span> <span class='ocrx_word' id='word_1_155' title='bbox 1642 2559 1890 2632; x_wconf 84' lang='lat' dir='ltr'>dolore</span> <span class='ocrx_word' id='word_1_156' title='bbox 1910 2560 2246 2653; x_wconf 82' lang='lat' dir='ltr'>aucupari</span> <span class='ocrx_word' id='word_1_157' title='bbox 2260 2561 2295 2629; x_wconf 68' lang='grc' dir='ltr'>Ξ)</span> <span class='ocrx_word' id='word_1_158' title='bbox 2324 2560 2485 2633; x_wconf 80' lang='lat' dir='ltr'>Nos</span> 
     </span>
     <span class='ocr_line' id='line_1_21' title="bbox 570 2667 2485 2765; baseline -0.002 -24"><span class='ocrx_word' id='word_1_159' title='bbox 570 2673 775 2765; x_wconf 89' lang='lat' dir='ltr'>quod</span> <span class='ocrx_word' id='word_1_160' title='bbox 807 2672 1270 2765; x_wconf 84' lang='lat' dir='ltr'>praecipimus</span> <span class='ocrx_word' id='word_1_161' title='bbox 1290 2722 1310 2757; x_wconf 89' lang='lat'>,</span> <span class='ocrx_word' id='word_1_162' title='bbox 1353 2670 1739 2740; x_wconf 80' lang='lat' dir='ltr'>honestum</span> <span class='ocrx_word' id='word_1_163' title='bbox 1761 2685 1898 2739; x_wconf 87' lang='lat' dir='ltr'>est:</span> <span class='ocrx_word' id='word_1_164' title='bbox 1938 2692 2171 2759; x_wconf 84' lang='lat' dir='ltr'>quum</span> <span class='ocrx_word' id='word_1_165' title='bbox 2200 2667 2485 2761; x_wconf 79' lang='lat' dir='ltr'>aliquid</span> 
     </span>
     <span class='ocr_line' id='line_1_22' title="bbox 567 2764 2483 2865; baseline -0.004 -11"><span class='ocrx_word' id='word_1_166' title='bbox 567 2785 1016 2854; x_wconf 82' lang='lat' dir='ltr'>lacrimarum</span> <span class='ocrx_word' id='word_1_167' title='bbox 1047 2778 1366 2851; x_wconf 82' lang='lat' dir='ltr'>adfectus</span> <span class='ocrx_word' id='word_1_168' title='bbox 1402 2776 1770 2863; x_wconf 83' lang='lat' dir='ltr'>effuderit,</span> <span class='ocrx_word' id='word_1_169' title='bbox 1816 2794 1925 2865; x_wconf 89' lang='lat' dir='ltr'>et,</span> <span class='ocrx_word' id='word_1_170' title='bbox 1955 2794 2037 2848; x_wconf 86' lang='lat' dir='ltr'>ut</span> <span class='ocrx_word' id='word_1_171' title='bbox 2068 2776 2163 2846; x_wconf 86' lang='lat' dir='ltr'>ita</span> <span class='ocrx_word' id='word_1_172' title='bbox 2198 2764 2426 2847; x_wconf 83' lang='lat' dir='ltr'>dicam</span> <span class='ocrx_word' id='word_1_173' title='bbox 2450 2826 2483 2862; x_wconf 87' lang='lat'>‚</span> 
     </span>
     <span class='ocr_line' id='line_1_23' title="bbox 461 2886 2487 2987; baseline -0.002 -24"><span class='ocrx_word' id='word_1_174' title='bbox 461 2944 466 2947; x_wconf 92' lang='lat'>-</span> <span class='ocrx_word' id='word_1_175' title='bbox 569 2891 1092 2987; x_wconf 82' lang='lat' dir='ltr'>despumaverit</span> <span class='ocrx_word' id='word_1_176' title='bbox 1115 2940 1136 2975; x_wconf 91' lang='lat'>,</span> <span class='ocrx_word' id='word_1_177' title='bbox 1181 2913 1328 2959; x_wconf 90' lang='lat' dir='ltr'>non</span> <span class='ocrx_word' id='word_1_178' title='bbox 1355 2914 1497 2961; x_wconf 86' lang='lat' dir='ltr'>esse</span> <span class='ocrx_word' id='word_1_179' title='bbox 1522 2887 1953 2959; x_wconf 82' lang='lat' dir='ltr'>tradendum</span> <span class='ocrx_word' id='word_1_180' title='bbox 1987 2887 2313 2959; x_wconf 86' lang='lat' dir='ltr'>animum</span> <span class='ocrx_word' id='word_1_181' title='bbox 2340 2886 2487 2959; x_wconf 86' lang='lat' dir='ltr'>do·</span> 
     </span>
     <span class='ocr_line' id='line_1_24' title="bbox 569 2996 2487 3105; baseline -0.002 -33"><span class='ocrx_word' id='word_1_182' title='bbox 569 3003 724 3073; x_wconf 87' lang='lat' dir='ltr'>lori.</span> <span class='ocrx_word' id='word_1_183' title='bbox 751 2999 956 3105; x_wconf 74' lang='lat' dir='ltr'>Quid</span> <span class='ocrx_word' id='word_1_184' title='bbox 987 3014 1068 3067; x_wconf 87' lang='lat' dir='ltr'>tu</span> <span class='ocrx_word' id='word_1_185' title='bbox 1118 2998 1285 3067; x_wconf 87' lang='lat' dir='ltr'>dicis</span> <span class='ocrx_word' id='word_1_186' title='bbox 1303 3000 1337 3067; x_wconf 73' lang='grc' dir='ltr'>Ρ</span> <span class='ocrx_word' id='word_1_187' title='bbox 1369 2996 1807 3069; x_wconf 78' lang='lat' dir='ltr'>miscendam</span> <span class='ocrx_word' id='word_1_188' title='bbox 1838 2998 1969 3092; x_wconf 87' lang='lat' dir='ltr'>ipsi</span> <span class='ocrx_word' id='word_1_189' title='bbox 2010 2997 2243 3069; x_wconf 87' lang='lat' dir='ltr'>dolori</span> <span class='ocrx_word' id='word_1_190' title='bbox 2274 2998 2487 3069; x_wconf 86' lang='lat' dir='ltr'>volu·</span> 
     </span>
     <span class='ocr_line' id='line_1_25' title="bbox 461 3098 2487 3203; baseline -0.001 -26"><span class='ocrx_word' id='word_1_191' title='bbox 461 3156 464 3163; x_wconf 91' lang='lat'>-</span> <span class='ocrx_word' id='word_1_192' title='bbox 567 3108 874 3203; x_wconf 83' lang='lat' dir='ltr'>ptatem!</span> <span class='ocrx_word' id='word_1_193' title='bbox 911 3105 1025 3184; x_wconf 82' lang='lat' dir='ltr'>Sic</span> <span class='ocrx_word' id='word_1_194' title='bbox 1053 3108 1501 3201; x_wconf 69' lang='lat' dir='ltr'>consolamur</span> <span class='ocrx_word' id='word_1_195' title='bbox 1543 3108 1860 3178; x_wconf 83' lang='lat' dir='ltr'>crustulo</span> <span class='ocrx_word' id='word_1_196' title='bbox 1896 3098 2191 3199; x_wconf 69' lang='lat' dir='ltr'>puerOS,</span> <span class='ocrx_word' id='word_1_197' title='bbox 2232 3106 2327 3177; x_wconf 83' lang='lat' dir='ltr'>sic</span> <span class='ocrx_word' id='word_1_198' title='bbox 2360 3104 2487 3175; x_wconf 87' lang='lat' dir='ltr'>in-</span> 
     </span>
     <span class='ocr_line' id='line_1_26' title="bbox 567 3214 2481 3311; baseline 0 -20"><span class='ocrx_word' id='word_1_199' title='bbox 567 3218 876 3291; x_wconf 89' lang='lat' dir='ltr'>fantium</span> <span class='ocrx_word' id='word_1_200' title='bbox 907 3214 1160 3287; x_wconf 88' lang='lat' dir='ltr'>fletum</span> <span class='ocrx_word' id='word_1_201' title='bbox 1185 3214 1419 3286; x_wconf 87' lang='lat' dir='ltr'>infuso</span> <span class='ocrx_word' id='word_1_202' title='bbox 1448 3217 1627 3287; x_wconf 84' lang='lat' dir='ltr'>lacte</span> <span class='ocrx_word' id='word_1_203' title='bbox 1654 3219 2166 3311; x_wconf 58' lang='lat' dir='ltr'>conpescimu&amp;</span> <span class='ocrx_word' id='word_1_204' title='bbox 2214 3219 2327 3288; x_wconf 92' lang='lat' dir='ltr'>Ne</span> <span class='ocrx_word' id='word_1_205' title='bbox 2348 3218 2481 3291; x_wconf 87' lang='lat' dir='ltr'>illo</span> 
     </span>
     <span class='ocr_line' id='line_1_27' title="bbox 567 3324 2484 3421; baseline -0.001 -24"><span class='ocrx_word' id='word_1_206' title='bbox 567 3325 867 3421; x_wconf 85' lang='lat' dir='ltr'>quidem</span> <span class='ocrx_word' id='word_1_207' title='bbox 893 3340 1218 3416; x_wconf 80' lang='lat' dir='ltr'>tempore</span> <span class='ocrx_word' id='word_1_208' title='bbox 1235 3374 1258 3410; x_wconf 84' lang='lat'><strong>,</strong></span> <span class='ocrx_word' id='word_1_209' title='bbox 1283 3348 1436 3415; x_wconf 89' lang='lat' dir='ltr'>quo</span> <span class='ocrx_word' id='word_1_210' title='bbox 1462 3324 1647 3397; x_wconf 86' lang='lat' dir='ltr'>filius</span> <span class='ocrx_word' id='word_1_211' title='bbox 1670 3324 1895 3411; x_wconf 84' lang='lat' dir='ltr'>ardet,</span> <span class='ocrx_word' id='word_1_212' title='bbox 1928 3340 2055 3404; x_wconf 84' lang='lat' dir='ltr'>aut</span> <span class='ocrx_word' id='word_1_213' title='bbox 2076 3325 2339 3399; x_wconf 85' lang='lat' dir='ltr'>amicus</span> <span class='ocrx_word' id='word_1_214' title='bbox 2354 3349 2484 3395; x_wconf 81' lang='lat' dir='ltr'>ex-</span> 
     </span>
     <span class='ocr_line' id='line_1_28' title="bbox 567 3432 2481 3531; baseline 0 -26"><span class='ocrx_word' id='word_1_215' title='bbox 567 3436 781 3531; x_wconf 77' lang='lat' dir='ltr'>spirat</span> <span class='ocrx_word' id='word_1_216' title='bbox 801 3485 828 3522; x_wconf 85' lang='lat'><strong>,</strong></span> <span class='ocrx_word' id='word_1_217' title='bbox 869 3457 1122 3506; x_wconf 82' lang='lat' dir='ltr'>cessare</span> <span class='ocrx_word' id='word_1_218' title='bbox 1147 3434 1400 3526; x_wconf 83' lang='lat' dir='ltr'>pateris</span> <span class='ocrx_word' id='word_1_219' title='bbox 1424 3434 1873 3527; x_wconf 81' lang='lat' dir='ltr'>voluptatem</span> <span class='ocrx_word' id='word_1_220' title='bbox 1892 3486 1915 3523; x_wconf 92' lang='lat'>,</span> <span class='ocrx_word' id='word_1_221' title='bbox 1956 3436 2083 3507; x_wconf 79' lang='lat' dir='ltr'>sed</span> <span class='ocrx_word' id='word_1_222' title='bbox 2114 3434 2345 3530; x_wconf 81' lang='lat' dir='ltr'>ipsum</span> <span class='ocrx_word' id='word_1_223' title='bbox 2370 3432 2481 3505; x_wconf 73' lang='lat' dir='ltr'>vis</span> 
     </span>
     <span class='ocr_line' id='line_1_29' title="bbox 566 3542 2483 3617; baseline -0.003 0"><span class='ocrx_word' id='word_1_224' title='bbox 566 3545 852 3617; x_wconf 83' lang='lat' dir='ltr'>titillare</span> <span class='ocrx_word' id='word_1_225' title='bbox 873 3566 1296 3617; x_wconf 79' lang='lat' dir='ltr'>moerorem.</span> <span class='ocrx_word' id='word_1_226' title='bbox 1315 3542 1572 3614; x_wconf 88' lang='lat' dir='ltr'>Utrum</span> <span class='ocrx_word' id='word_1_227' title='bbox 1598 3543 1960 3615; x_wconf 80' lang='lat' dir='ltr'>honestius</span> <span class='ocrx_word' id='word_1_228' title='bbox 1980 3544 2190 3616; x_wconf 84' lang='lat' dir='ltr'>dolor</span> <span class='ocrx_word' id='word_1_229' title='bbox 2208 3544 2299 3615; x_wconf 85' lang='lat' dir='ltr'>ab</span> <span class='ocrx_word' id='word_1_230' title='bbox 2319 3544 2483 3614; x_wconf 88' lang='lat' dir='ltr'>ani-</span> 
     </span>
     <span class='ocr_line' id='line_1_30' title="bbox 568 3652 2481 3747; baseline -0.001 -22"><span class='ocrx_word' id='word_1_231' title='bbox 568 3676 698 3725; x_wconf 88' lang='lat' dir='ltr'>mo</span> <span class='ocrx_word' id='word_1_232' title='bbox 728 3654 1239 3739; x_wconf 82' lang='lat' dir='ltr'>submovetur,</span> <span class='ocrx_word' id='word_1_233' title='bbox 1287 3675 1378 3721; x_wconf 90' lang='lat' dir='ltr'>an</span> <span class='ocrx_word' id='word_1_234' title='bbox 1424 3653 1749 3747; x_wconf 83' lang='lat' dir='ltr'>voluptas</span> <span class='ocrx_word' id='word_1_235' title='bbox 1790 3652 1881 3723; x_wconf 85' lang='lat' dir='ltr'>ad</span> <span class='ocrx_word' id='word_1_236' title='bbox 1924 3653 2251 3725; x_wconf 88' lang='lat' dir='ltr'>dolorem</span> <span class='ocrx_word' id='word_1_237' title='bbox 2288 3676 2481 3745; x_wconf 86' lang='lat' dir='ltr'>quo-</span> 
     </span>
     <span class='ocr_line' id='line_1_31' title="bbox 570 3762 2481 3860; baseline 0.001 -29"><span class='ocrx_word' id='word_1_238' title='bbox 570 3786 720 3855; x_wconf 90' lang='lat' dir='ltr'>que</span> <span class='ocrx_word' id='word_1_239' title='bbox 763 3762 1206 3835; x_wconf 81' lang='lat' dir='ltr'>admittitur?</span> <span class='ocrx_word' id='word_1_240' title='bbox 1276 3762 1685 3838; x_wconf 74' lang='lat' dir='ltr'>admittitur,</span> <span class='ocrx_word' id='word_1_241' title='bbox 1738 3762 1954 3835; x_wconf 82' lang='lat' dir='ltr'>dico?</span> <span class='ocrx_word' id='word_1_242' title='bbox 2002 3778 2311 3860; x_wconf 80' lang='lat' dir='ltr'>captatur</span> <span class='ocrx_word' id='word_1_243' title='bbox 2328 3814 2355 3837; x_wconf 86' lang='grc'><strong>.</strong></span> <span class='ocrx_word' id='word_1_244' title='bbox 2402 3778 2481 3833; x_wconf 88' lang='lat' dir='ltr'>et</span> 
     </span>
     <span class='ocr_line' id='line_1_32' title="bbox 570 3868 2483 3971; baseline 0 -26"><span class='ocrx_word' id='word_1_245' title='bbox 570 3870 870 3965; x_wconf 85' lang='lat' dir='ltr'>quidem</span> <span class='ocrx_word' id='word_1_246' title='bbox 895 3896 986 3943; x_wconf 81' lang='lat' dir='ltr'>ex</span> <span class='ocrx_word' id='word_1_247' title='bbox 1013 3872 1209 3967; x_wconf 77' lang='lat' dir='ltr'>ipso!</span> <span class='ocrx_word' id='word_1_248' title='bbox 1255 3870 1379 3961; x_wconf 79' lang='lat' dir='ltr'>Est</span> <span class='ocrx_word' id='word_1_249' title='bbox 1408 3868 1663 3971; x_wconf 65' lang='lat' dir='ltr'>aliqua.</span> <span class='ocrx_word' id='word_1_250' title='bbox 1708 3870 1951 3967; x_wconf 80' lang='lat' dir='ltr'>iuquit</span> <span class='ocrx_word' id='word_1_251' title='bbox 1978 3919 2005 3960; x_wconf 85' lang='lat'><strong>,</strong></span> <span class='ocrx_word' id='word_1_252' title='bbox 2037 3871 2483 3971; x_wconf 55' lang='lat' dir='ltr'>volume-§.co-</span> 
     </span>
    </p>
   </div>
   <div class='ocr_carea' id='block_1_12' title="bbox 2728 1228 2759 1252">
    <p class='ocr_par' dir='ltr' id='par_1_13' title="bbox 2728 1228 2759 1252">
     <span class='ocr_line' id='line_1_33' title="bbox 2728 1228 2759 1252; baseline 0 0"><span class='ocrx_word' id='word_1_253' title='bbox 2728 1228 2759 1252; x_wconf 61' lang='lat' dir='ltr'>d</span> 
     </span>
    </p>
   </div>
  </div>
 </body>
</html>
