2759 4825
609 369 708 448 90
969 341 1054 416 L.
1104 338 1567 456 ANN-Am
1622 335 2161 414 SENECAE

605 505 794 576 inter
813 503 1130 599 primum
1161 499 1354 574 diem
1386 517 1459 572 et
1484 500 1822 596 ulgimum
1852 500 2071 588 iacet,
2112 496 2383 571 varium
2412 497 2543 570 in-

607 631 1028 708 certumque
1055 629 1196 686 est:
1221 613 1278 683 si
1303 611 2026 708 molestias‘aestimas‚
2058 611 2271 685 etiam
2297 634 2543 704 puero

603 723 944 820 longum3
974 721 1032 792 ei
1051 717 1499 792 velocitatem
1513 770 1537 805 ,
1564 721 1781 790 etiam
1804 719 1951 788 seni
1975 737 2373 815 angustum.
2392 718 2477 790 -N
2480 717 2552 787 i·

603 832 708 904 hil
745 855 899 904 non
943 830 1304 903 lubricum
1349 848 1423 901 et
1456 828 1711 917 fallax,
1757 845 1831 900 et
1864 829 2065 898 omni
2108 843 2545 920 tempestate

605 945 964 1016 mobilius.
993 944 1350 1015 Iactantur
1365 959 1653 1027 cuncta,
1668 958 1743 1014 et
1768 943 1842 1012 in
1858 941 2289 1012 contrarium
2312 955 2547 1010 trans·

607 1070 786 1124 eunt
801 1103 824 1140 ‚
853 1053 1150 1125 iubente
1179 1053 1500 1124 fortuna:
1530 1073 1602 1126 et
1626 1055 1704 1124 in
1738 1070 1932 1124 tanta
1954 1052 2399 1127 volutatione
2421 1073 2541 1122 rec

603 1185 767 1232 rum
809 1163 1284 1234 humanarum
1312 1163 1489 1232 nihil
1517 1164 1903 1256 cuiquam,
1947 1161 2078 1232 nisi
2106 1186 2336 1248 mors,
2364 1183 2541 1236 ‚cer-

601 1293 766 1347 tum
798 1288 922 1342 est.
962 1271 1242 1342 Tamen
1269 1271 1360 1342 de
1396 1296 1483 1343 eo
1522 1290 1921 1366 queruntur
1946 1294 2236 1362 omnes,
2268 1271 2345 1342 in
2372 1291 2538 1365 quo

609 1405 761 1456 uno
795 1405 1015 1452 nemo
1042 1377 1489 1472 decipit-urf‘
1548 1385 1551 1390 ’

703 1490 910 1581 „Sed
946 1515 1126 1586 puer
1155 1491 1481 1563 decessit!
1520 1531 1595 1548 -—
1639 1491 1987 1563 Nondum
2019 1491 2225 1580 dico,
2270 1489 2539 1564 melius

601 1604 716 1704 agi
737 1627 908 1678 cum
935 1627 1024 1673 eo
1055 1603 1180 1694 qni
1215 1603 1356 1673 vita
1387 1601 1845 1698 defungitur:
1898 1603 2193 1695 adheum
2216 1624 2533 1673 transea-

602 1738 766 1786 mus
817 1712 946 1806 qui
989 1713 1406 1798 consenuit3
1460 1717 1814 1805 quantulo
1856 1716 2077 1785 vincit
2114 1710 2532 1784 infantem?

601 1825 938 1918 Propone
959 1825 1296 1916 temporis
1311 1823 1660 1918 profundi
1682 1825 2073 1896 vastitatem
2092 1873 2111 1908 ‚
2142 1841 2215 1894 et
2242 1823 2533 1896 univer-

601 1957 758 2004 sum
787 1935 1267 2026 conplectere3
1307 1931 1573 2003 deinde
1604 1935 1775 2018 hoc,
1812 1924 2351 2026 quodfaetatem
2394 1955 2532 2001 vo·

603 2063 844 2112 camus
863 2040 1270 2126 humanam,
1292 2065 1597 2134 conpara
1614 2037 1939 2114 inmenso
1954 2072 1975 2114 ε
2004 2041 2280 2114 videbis
2298 2065 2530 2134 quam

601 2151 942 2245 exiguum
987 2150 1074 2220 sit
1097 2201 1119 2237 ,
1157 2151 1360 2242 quod
1404 2169 1772 2244 optamus,
1810 2151 2017 2244 quod
2050 2150 2529 2222 extendimus·

526 2352 533 2361 ι
599 2255 708 2326 Ex
734 2258 876 2330 hoc
901 2277 1257 2352 quantum
1290 2262 1615 2333 lacrimae
1637 2312 1661 2348 ,
1706 2277 2063 2354 quantum
2094 2257 2529 2363 sollicitudi-

598 2389 724 2439 nes
749 2371 1153 2464 occupant?
1184 2390 1759 2466 quantum-mort
1778 2424 1801 2463 ‚
1828 2390 2215 2467 antequam
2242 2371 2485 2444 veniat
2502 2424 2530 2461 ‚

599 2482 891 2571 optata?
915 2499 1270 2574 quantum
1289 2483 1637 2568 valitudo,
1662 2501 2021 2577 quantum
2041 2484 2281 2555 timor.
2308 2506 2533 2577 quan-

598 2603 758 2660 tum
785 2592 1008 2661 teneti
1039 2609 1162 2664 aut
1187 2590 1399 2667 rudes
1420 2611 1544 2663 aut
1570 2594 1855 2665 inutiles
1878 2593 2045 2664 anni
2064 2594 2098 2663 Ξ)
2126 2592 2523 2665 dimidium

597 2718 688 2765 ex
707 2698 852 2767 hoc
881 2697 1296 2771 edormitur.
1323 2700 1569 2773 Adiice
1601 2702 1908 2788 laborm,
1938 2705 2211 2787 luctus,
2230 2700 2529 2795 pericu-

601 2806 700 2891 la;
747 2823 824 2877 et
865 2807 1249 2907 intelliges,
1297 2812 1511 2883 etiam
1556 2810 1633 2881 in
1678 2810 2077 2909 longissima
2118 2812 2261 2881 vita
2308 2811 2527 2883 mini·-

595 2942 806 2988 mum
847 2942 994 2989 esse
1027 2919 1234 3010 quod
1266 2920 1553 2991 vivitur.
1594 2918 1735 2991 Sed
1769 2920 1927 3013 quis
1954 2919 2089 2989 tibi
2119 2920 2471 3001 concedet
2494 2972 2525 3011 ,

592 3048 744 3095 non
777 3027 1026 3097 melius
1063 3053 1134 3099 se
1167 3029 1431 3101 habere
1462 3054 1631 3103 eum
1655 3081 1676 3116 ,
1706 3029 1821 3099 cui
1857 3029 2002 3100 cito
2024 3032 2280 3106 reverti
2306 3031 2473 3103 licet
2491 3080 2523 3119 ‚

591 3137 711 3205 cui
735 3154 904 3206 ante
929 3138 1407 3210 lassitudinem
1438 3158 1808 3235 peractum
1834 3157 1938 3210 est
1966 3139 2150 3211 iter?
2182 3140 2349 3212 Vita
2376 3164 2521 3214 nec

592 3248 873 3323 bonum
897 3271 1030 3319 nec
1065 3254 1334 3322 malurn
1359 3268 1499 3338 est3
1535 3251 1713 3325 boni
1744 3275 1821 3323 ac
1850 3254 2013 3323 mali
2039 3255 2237 3323 locus
2264 3267 2385 3323 est.
2406 3252 2519 3323 Ita

590 3361 764 3431 nihil
800 3363 918 3455 ille
947 3362 1298 3455 perdidit,
1333 3364 1461 3434 nisi
1502 3370 1725 3433 aleam
1759 3364 1833 3433 in
1874 3361 2222 3432 damnum
2257 3362 2521 3433 certio·-

588 3494 763 3540 rem.
809 3471 1056 3541 Potuit
1103 3471 1402 3544 evadere
1433 3471 1806 3543 modestus
1850 3487 1922 3541 et
1948 3469 2315 3563 'pruden83
2374 3494 2523 3564 po-

586 3578 726 3650 tuit
757 3580 896 3651 sub
921 3603 1082 3651 cura
1123 3597 1244 3650 tua
1278 3582 1352 3651 in
1378 3582 1669 3653 meliora
1713 3579 2030 3653 formari:
2084 3578 2209 3649 sed
2258 3579 2522 3675 (quod

585 3687 830 3762 iustius
866 3691 1210 3792 timetur)
1255 3694 1495 3785 potuit
1523 3692 1671 3765 fieri
1696 3692 2021 3787 pluribut
2052 3694 2313 3764 similis.
2361 3688 2523 3759 Ad-

584 3795 771 3889 spice
800 3797 1270 3877 illo?iuvenes
1288 3855 1311 3892 ,
1353 3826 1535 3898 quos
1564 3826 1655 3875 ex
1686 3802 2133 3885 nobilissimis
2173 3802 2521 3881 domibus
