2759 4825
686 322 1341 430 ‘EPISTOLAM
1401 363 1778 439 xxti.
1975 384 2136 447 ‚303
2235 372 2239 379 ·

178 526 429 594 posteros
465 510 715 593 gratiam.
776 508 877 571 Sic
918 510 1016 572 ed.
1036 513 1115 574 A.
1150 526 1213 574 et
1248 528 1357 573 ms·
1387 535 1434 573 c.
1473 510 1606 575 Par.
1641 514 1695 575 d.
1737 526 1798 573 et
1837 509 1940 574 alii
1977 512 2140 594 apud

186 591 356 675 OpS.
392 610 453 653 et
486 590 669 655 Grut.
702 591 867 654 Ferri
898 610 1091 655 autem
1118 610 1397 676 potuerat
1439 594 1744 676 vulgatum
1767 592 2004 669 Habeo,
2035 594 2140 675 (id

190 692 287 736 est
296 719 319 751 ,
350 674 708 740 collocatam
736 672 971 755 habeo)
997 674 1165 756 quod
1190 673 1444 747 cumed.
1465 678 1538 736 R.
1566 674 1834 756 agnoscit
1857 694 1962 737 ms.
1981 676 2130 759 Arg.
2235 680 2241 687 '

186 758 247 819 b.
270 773 336 817 et
361 754 478 818 alii.
526 754 627 817 De
657 772 719 818 re
748 754 915 819 conf.
942 755 1049 835 Ep.
1084 772 1241 819 vm.
1274 776 1333 837 p.
1367 756 1531 840 19.1.
1563 776 1628 815 u
1659 774 1795 837 sqq.

278 837 580 914 PAG.,67.
608 837 769 919 1419
806 856 898 918 sq.
937 858 1125 919 sequor
1160 838 1295 919 [pro
1330 859 1388 899 eo
1422 841 1566 919 quod
1588 835 1810 919 proba]
1847 837 1939 899 Eo
1957 836 2135 898 liben-

189 918 307 981 zius
325 934 443 1005 etc.
476 916 663 999 Quae
688 918 881 979 verba
911 918 1077 981 uncis
1102 918 1361 994 inclusi,
1394 920 1607 981 absunt
1631 918 1858 1001 vulgo:
1897 918 2006 979 sed
2023 935 2134 983 *ex-

190 1002 415 1065 stitisse
440 1016 514 1061 ea
542 1000 689 1061 olim
718 999 779 1063 h.
805 998 848 1061 1.
878 1000 1215 1083 suspicatus
1238 1019 1400 1063 eram
1435 1018 1512 1063 ex
1541 1000 1844 1081 vestigiis,
1881 1018 2040 1079 quae
2075 1001 2138 1061 in

191 1080 462 1146 vetustis
482 1080 645 1143 libris
680 1097 1014 1163 supersunt.
1048 1079 1283 1145 Scilicet
1298 1126 1320 1157 ‚
1353 1104 1452 1160 pro
1482 1104 1542 1144 eo
1569 1080 1813 1143 libentius
1840 1080 2014 1143 habet
2046 1084 2139 1144 ed.

190 1168 285 1229 A.
324 1178 387 1226 et
422 1162 547 1225 edd.
578 1178 715 1227 ante
746 1162 909 1225 Mur.
933 1162 1065 1225 inde
1100 1164 1295 1227 ab'ed.
1314 1162 1470 1227 Ven.
1498 1182 1554 1225 ι.
1581 1181 1720 1225 cum
1745 1180 1882 1225 mss.
1908 1162 2058 1244 Arg.
2078 1164 2138 1226 b.

196 1266 252 1309 c.
268 1244 479 1321 et‘Par.
508 1266 565 1339 {¹-
588 1247 643 1307 d.
702 1246 867 1327 probo
894 1246 1143 1305 libentius
1166 1245 1259 1307 ed.
1281 1248 1356 1307 R.
1378 1264 1519 1307 cum
1542 1263 1662 1339 3ης.
1686 1242 1816 1337 lJar.
1841 1246 1894 1305 b.
1979 1247 2017 1305 l.
2042 1266 2137 1310 21.

190 1325 1598 1489 astrariz.amanter-:¹233
1627 1325 2140 1470 2?¹1232¹32..⁵³3.3{

195 1488 419 1553 teriani
443 1506 583 1551 cum
615 1470 789 1551 editt.
812 1505 963 1553 vett.
980 1507 1182 1553 tenent
1212 1507 1275 1551 ut
1295 1490 1442 1551 isti-
1458 1523 1493 1537 -
1514 1522 1550 1534 -
1607 1490 1816 1551 rubent.-
1840 1490 2016 1570 ‘quod
2037 1507 2139 1551 ne-

196 1570 335 1635 scio
360 1588 437 1634 an
466 1571 657 1633 teneri
689 1570 978 1633 debuerit.
1058 1572 1101 1631 l.
1128 1590 1226 1633 22.
1268 1572 1291 1631 ι’
1302 1593 1473 1652 psqs
1502 1512 1632 1633 θεῶ.
1657 1586 1807 1633 vett.
1831 1588 1968 1631 cum
1991 1570 2140 1651 Arg.

200 1655 257 1715 b.
287 1668 353 1715 et
377 1651 511 1714 Par.
534 1654 588 1714 b.
612 1656 669 1713 d.
735 1673 789 1713 se
824 1652 971 1733 ipsos
996 1650 1185 1734 vulgo
1202 1697 1222 1727 ,
1246 1657 1285 1713 a
1312 1651 1608 1723 Mureto„
1643 1650 1764 1731 ipsa
1799 1669 1938 1713 mss.
1957 1649 2166 1726 Gran·
2203 1695 2210 1699 -

197 1736 327 1817 ipsa
356 1756 413 1796 se
440 1732 532 1796 ed.
550 1735 631 1795 A.
663 1746 739 1795 et·
760 1752 871 1797 112⁵.
900 1730 1029 1795 Par.
1060 1756 1117 1793 a.
1182 1734 1329 1813 ipsos
1363 1735 1488 1816 ipsa
1519 1754 1574 1792 se
1613 1751 1722 1795 ωε.
1749 1733 1896 1814 Arg.
1921 1756 1970 1795 c.
2019 1732 2141 1793 Re·

197 1816 363 1879 ctius
390 1814 598 1897 (puto)
622 1813 969 1878 abiicientur
995 1814 1201 1877 omnia
1220 1816 1329 1877 ista
1350 1812 1726 1893 pronomina.
1806 1815 1846 1873 l.
1875 1833 1970 1886 ²4·
1991 1816 2146 1875 adie-
2200 1820 2205 1825 ’

200 1900 317 1960 rint
340 1896 469 1959 edd.
496 1896 631 1959 inde
657 1895 736 1957 ab
770 1894 1164 1960 Erasm.·cum
1203 1914 1311 1958 ωε.
1346 1895 1480 1958 Par.
1501 1919 1558 1957 a.
1605 1894 1762 1957 Mire
1799 1910 1996 1956 autem
2032 1914 2144 1959 va.-

200 1982 363 2041 riant
384 1977 519 2053 alii,
548 1977 823 2051 adieritis,
860 1978 1177 2051 audieritis,
1205 1976 1466 2040 audierit.-
1504 1990 1568 2038 et
1594 1976 1863 2045 nonnulli
1889 1975 2145 2060 iungunt

200 2061 441 2121 adieritis
480 2058 673 2123 adierit
689 2104 711 2133 ,
746 2058 845 2122 vel
879 2059 1151 2121 audieritis
1189 2058 1451 2121 audierit.-
1479 2056 1638 2121 unde
1676 2056 1951 2119 Erasmus
1973 2058 2146 2119 dein·-

200 2142 285 2205 de
306 2140 524 2204 adiecit
542 2186 563 2216 ‚
588 2158 639 2201 τε
660 2140 927 2203 audierat
955 2141 1266 2224 inscriptum
1293 2141 1538 2203 hortulis.
1569 2138 1855 2221 Equidem
1880 2140 2148 2220 suspicor
2181 2146 2196 2165 ⁸

208 2242 427 2287 verum
454 2240 585 2285 esse
683 2244 806 2284 uum
854 2221 1156 2285 adieris.
1254 2224 1296 2287 l.
1320 2242 1418 2302 ας.
1459 2222 1590 2281 istos
1621 2220 1858 2281 hortulos
1883 2238 1958 2280 ex
1995 2238 2144 2283 con-

206 2305 342 2368 iect.
376 2302 599 2385 scripsi.
728 2303 871 2385 ulgo
906 2306 1004 2365 hos
1028 2305 1263 2366 hortulos
1288 2302 1365 2365 ab
1387 2302 1611 2366 Erasm.
1630 2302 1794 2383 quod
1818 2302 2000 2362 teneri
2031 2320 2150 2382 po·

205 2401 397 2450 terat:
433 2386 537 2450 sed
556 2383 643 2448 his
668 2386 905 2448 hortulos
936 2404 1043 2448 ms.
1067 2386 1213 2468 Arg.
1238 2387 1291 2448 h.
1320 2382 1453 2447 Par.
1475 2386 1527 2446 b.
1550 2386 1604 2446 d.
1641 2384 1770 2445 istic
1791 2382 2034 2443 hortulos
2057 2382 2148 2447 ed·
2261 2419 2267 2422 -

208 2472 293 2531 R.
314 2484 377 2530 et
413 2467 540 2536 Par.
571 2491 629 2529 a.
676 2468 799 2529 Alii
840 2467 948 2548 (ut
978 2485 1182 2530 noster
1214 2487 1325 2529 ως.
1350 2490 1398 2530 c.
1430 2484 1568 2528 cum
1595 2464 1687 2528 ed.
1709 2463 1834 2547 A.)
1875 2466 2034 2526 nude
2064 2485 2152 2526 or-

209 2551 353 2612 tulos
394 2549 561 2633 (ire.
586 2549 862 2632 hortzdos)
902 2549 1121 2612 habent
1144 2549 1380 2630 ,absque
1403 2547 1760 2630 pronomine
1777 2567 1800 2624 3
1831 2545 1993 2626 quod
2029 2547 2151 2608 for·

210 2647 367 2728 tasse
404 2631 793 2726 verissimum.
875 2632 918 2692 l.
956 2649 1051 2714 31·
1088 2631 1283 2713 inquit.
1319 2630 1534 2714 inquam
1571 2626 1706 2692 edd.
1728 2647 1764 2690 a
1795 2627 1963 2690 Mur.
1989 2628 2152 2691 invi-

208 2729 291 2776 tis
320 2729 537 2782 msstis.
1624 2749 1628 2755 -
1757 2759 1760 2762 .

295 2795 470 2856 Pac.
492 2792 589 2856 68.
610 2795 650 2856 l.
680 2809 737 2875 5.
774 2794 849 2855 N
853 2775 1045 2856 am'de
1082 2794 1219 2855 illis.
1248 2792 1344 2856 Sic
1365 2811 1508 2855 mss.
1531 2794 1680 2874 Arg.
1699 2782 1756 2853 b.
1787 2815 1838 2855 c.
1858 2810 1999 2852 cum
2023 2789 2152 2852 edd.

210 2875 289 2943 nd
326 2895 509 2958 quam
544 2876 893 2956 scriptoram
922 2875 1071 2936 nihil
1110 2876 1416 2938 adnotavit
1453 2874 1690 2955 Opsop.
1726 2889 1834 2936 aut
1863 2871 2040 2938 Grut.
2067 2872 2153 2934 At

218 2981 356 3022 non
390 2959 455 3018 de
474 2957 585 3020 illis
604 2977 745 3020 msa
762 2956 896 3021 Par.
917 2980 975 3020 a.
1002 2960 1055 3020 b.
1079 2962 1135 3019 d.
1176 2975 1253 3020 ne
1276 2957 1338 3024 id
1368 2957 1610 3039 quidem
1642 2953 1814 3018 male.
1855 2971 1860 2978 ·

752 3184 765 3208 ,
828 3129 965 3202 ΕΡ
1008 3130 1040 3194 1
1080 3130 1126 3194 S‘
1160 3129 1240 3195 T.
1272 3129 1562 3194 XXII.-

302 3289 375 3353 L.
406 3307 461 3352 t.
488 3289 607 3350 Iam
626 3287 903 3371 intelligis.
938 3283 1253 3354 Vitiosum
1268 3287 1535 3370 intelligas
1570 3305 1644 3350 ex
1671 3305 1790 3349 una
1823 3285 2153 3349 editionum
2199 3285 2204 3288 ’

218 3363 627 3451 Lipsianarum
656 3378 828 3452 (non
856 3389 931 3432 ex
962 3372 1150 3450 prima
1179 3371 1252 3432 ab
1288 3371 1422 3450 ipso
1449 3369 1652 3450 Lipsio
1683 3368 1936 3448 curata)
1977 3369 2036 3428 in
2063 3369 2155 3430 ed.
2225 3411 2242 3434 ι

219 3449 423 3514 Gron.
450 3468 511 3514 et
540 3451 777 3533 Bipont.
814 3450 1075 3531 aliasque
1104 3451 1440 3533 irrepserat.
1524 3452 1566 3510 l.
1613 3469 1704 3510 ιι.
1739 3451 1896 3510 etiam
1913 3450 2152 3530 posteris.

222 3528 433 3616 'Vulgo
468 3537 559 3594 sed
580 3534 759 3596 etiam.
789 3531 1015 3596 Delevi
1058 3532 1313 3614 priorem
1349 3549 1565 3596 vocem
1584 3577 1604 3606 ‚
1641 3532 2001 3606 auctoritate
2034 3547 2158 3590 no·-

223 3614 331 3677 stri
370 3633 479 3676 ms..
501 3617 554 3678 b.
1020 3626 1022 3630 “
1709 3643 1713 3649 ·

171 3715 176 3724 ·
320 3695 490 3759 Pac.
524 3695 626 3792 69.
667 3697 707 3759 l.
741 3717 797 3781 9.
834 3694 1027 3777 confir.
1078 3695 1222 3756 Hoc
1262 3693 1520 3756 verbum
1541 3739 1560 3770 ,
1605 3711 1718 3776 pro
1747 3691 2002 3774 vulgato
2035 3700 2160 3755 cen-

226 3789 351 3851 κω,
370 3777 533 3842 dedit
561 3780 716 3840 idem
752 3793 961 3842 noster
984 3795 1095 3840 ms.
1118 3778 1263 3857 Arg.
1293 3779 1348 3839 b.
1380 3775 1514 3838 Scil.
1540 3773 1718 3851 confer
1736 3775 1884 3846 haec
1913 3775 2037 3837 duo
2063 3777 2160 3836 in·

224 3872 403 3946 terte
418 3901 439 3936 ,
460 3877 593 3924 auc.
612 3901 631 3922 .
644 3877 763 3928 aut.
824 3859 867 3923 l.
895 3879 993 3927 22.
1006 3875 1085 3922 est
1105 3857 1351 3941 aliquid,
1372 3857 1532 3920 etiam
1553 3856 1605 3920 .ςί
1617 3873 1739 3959 etc.
1763 3855 2160 3922 Commodius
