2759 4825
580 382 1211 451 EPISTOLAM
1254 373 1602 449 κων.-
1927 403 2046 471 ³19

102 531 665 682 :iumagu
702 533 843 599 edit.
886 534 1127 618 Bipont.
1166 531 1798 619 idque‘propagatmn
1839 532 1906 599 in
1951 535 2048 603 ed.

163 637 203 681 u
292 657 311 675 ο
634 661 652 680 .

704 724 841 825 Εἰ)
880 756 913 824 1
952 759 994 825 s
1033 754 1115 825 τ.
1174 751 1459 826 Χιῐν.

182 892 313 955 lin.
334 911 394 969 4.
436 882 727 955 omniu'm
760 890 1071 954 maximam.
1124 890 1219 955 sic
1254 893 1387 956 edd.
1421 912 1459 957 a
1490 892 1664 959 Mur.
1703 893 2042 959 bominum

110 995 251 1037 max.
293 970 428 1037 e'dd.
473 990 624 1036 vett.
652 992 790 1036 curn
830 990 967 1039 mss.
1004 976 1057 1037 b.
1088 996 1139 1037 c.
1172 990 1232 1037 et
1264 974 1642 1040 Gruterianis
1671 998 1689 1039 t
1733 977 1898 1061 quod
1931 977 2042 1039 de-

110 1054 257 1117 fendi
289 1057 514 1133 possit,
554 1055 619 1117 ni
653 1072 713 1117 et
735 1054 871 1117 alibi
898 1056 1011 1117 ista
1050 1054 1351 1119 vocabula
1380 1074 1716 1139 permutare
1753 1076 2045 1121 consues-

114 1153 240 1201 sent
257 1136 497 1201 librarii.
527 1134 859 1200 Continet.
883 1139 954 1198 ad
979 1152 1098 1199 xn.
1118 1156 1225 1219 33,
1257 1156 1426 1213 14.et
1452 1140 1526 1202 ad
1549 1154 1796 1201 xuvm.
1823 1159 1958 1215 141,
1988 1159 2042 1204 ι.
2141 1158 2149 1167 ·

188 1220 355 1281 Pac.
404 1239 537 1301 129·
574 1218 614 1280 l.
651 1239 707 1281 2.
747 1219 1000 1301 recipiant
1032 1237 1142 1280 ms.
1166 1221 1217 1283 b.
1251 1237 1390 1282 cum
1422 1220 1522 1283 ed.
1545 1223 1618 1283 R.
1669 1221 1878 1305 Vulgo
1913 1222 2045 1283 reci-

113 1300 275 1384 piunt.
336 1302 378 1362 Ι.
404 1304 463 1363 6.
489 1302 526 1361 h
542 1300 785 1361 orcula
817 1300 1004 1381 vuigo
1023 1299 1102 1361 ab
1122 1299 1348 1363 Erasm.
1379 1299 1608 1364 Tene'ri
1630 1318 1868 1383 poterat
1893 1305 2045 1363 hor·

120 1400 215 1458 ιο,
243 1382 414 1464 quod
439 1382 809 1463 praeiverant
840 1380 972 1443 libri
1002 1381 1225 1457 nostri,
1262 1384 1366 1462 qui
1443 1383 1643 1445 uidem
1675 1384 1904 1466 absque
1936 1383 2047 1445 ad—

120 1467 433 1546 spiratione
461 1480 574 1527 orto
591 1463 850 1546 scribunt
867 1509 888 1539 ,
916 1478 989 1525 ut
1014 1482 1123 1526 ms.
1142 1465 1196 1526 b.
1211 1479 1272 1525 et
1289 1465 1380 1527 ed.
1395 1403 1469 1526 ἓ.
1501 1484 1643 1528 ortos
1671 1483 1782 1526 ms.
1801 1488 1847 1527 c.
1871 1479 1934 1525 et
1953 1465 2047 1528 ed.

124 1551 198 1609 A.
276 1548 317 1609 l.
350 1562 445 1625 17.
479 1546 621 1626 Quis
638 1564 719 1605 est
734 1548 1056 1629 generosus?
1092 1564 1205 1607 ωε.
1233 1547 1283 1607 b.
1304 1564 1365 1607 et
1384 1547 1483 1621 ed.⁴
1501 1549 1572 1609 R.
1607 1547 1814 1629 Vulgo
1833 1546 2050 1627 qui-rer·

123 1628 668 1790 {effidlzsssffl
690 1627 1271 1802 ⁹13??.‘.¹2⁵1{;.⁶.;;·.‘f‚⁶{
1282 1650 1405 1772 ξεῖ
1420 1626 2048 1791 {mats-..522

126 1808 231 1853 ster
254 1792 393 1853 cod.
414 1790 563 1873 Arg.
595 1791 645 1849 b.
676 1806 801 1850 non
833 1806 976 1851 ante
1005 1789 1187 1866 Epist.
1217 1805 1324 1852 Lu.
1371 1809 1429 1871 p.
1475 1791 1617 1869 156,
1661 1810 1714 1850 2.
1749 1789 2050 1871 suppetias

127 1874 283 1936 nobis
302 1884 508 1935 rursus
538 1872 795 1941 laturus.
828 1886 897 1933 ut
920 1874 982 1932 in
1013 1870 1267 1932 Praefat.
1294 1890 1351 1951 p.
1383 1890 1498 1947 ²40
1515 1889 1604 1952 sq.
1628 1872 2044 1953 praediximus.

201 1956 361 2017 PAo.
398 1972 527 2034 ¹30·
555 1951 606 2046 l..
625 1974 685 2035 9.
728 1950 922 2033 effectu.
951 1951 1255 2016 Vitiosum
1285 1949 1503 2031 affectu,
1541 1952 1706 2033 quod
1734 1969 1956 2014 temere
1984 1952 2050 2013 in

130 2036 205 2099 ed.
241 2036 485 2117 Bipont.
523 2052 773 2113 primum
801 2034 1155 2129 irrepserat,-
1194 2033 1548 2117 propagavit
1585 2032 1781 2095 Rubk.
1823 2034 2049 2095 Veram
2157 2079 2166 2083 -

135 2118 320 2196 script.
346 2116 615 2210 restituit
640 2114 860 2177 Mattb.
945 2116 984 2177 l.
1022 2134 1043 2173 ι
1061 2135 1113 2180 1.
1132 2120 1472 2199 inpenderunt
1503 2114 1725 2181 adscivi
1753 2134 1830 2179 ex
1851 2114 1946 2179 ed.
1967 2116 2043 2178 R.

135 2215 278 2261 etex
299 2195 623 2281 Opsopoet
652 2198 827 2261 codd.
862 2196 1073 2279 Vulgo
1102 2198 1424 2281 impendunt.

730 2366 1440 2462 Ep1sr.xtw

207 2497 323 2560 lin.
348 2493 411 2561 6.
426 2498 599 2580 magis
630 2497 865 2560 libros
897 2497 1065 2560 mihi
1095 2520 1252 2581 quam
1281 2497 1562 2561 consilium
1595 2499 1763 2562 dares.
1809 2497 1952 2562 Non
1972 2516 2050 2562 ex

140 2595 279 2641 mera
306 2577 576 2643 Pinciani
608 2580 864 2644 coniect.
888 2599 974 2660 est
1004 2581 1117 2643 ista
1145 2581 1461 2661 scriptura.
1501 2580 1657 2642 Nam
1683 2598 1920 2662 praeter
1944 2599 2053 2644 ms».

143 2657 242 2722 Pal.
276 2678 409 2724 tert.
445 2662 707 2725 similiter
736 2662 920 2724 editio
946 2661 1130 2724 Rom.
1155 2662 1366 2736 babet,
1417 2661 1589 2746 magis
1617 2664 1776 2725 milti
1814 2662 2004 2724 libro
2021 2684 2054 2724 s

145 2743 281 2827 {uam
316 2744 605 2807 consilium
641 2747 814 2806 dares.
1061 2745 1069 2752 '
2043 2759 2050 2766 “

213 2825 366 2888 Pac.
392 2845 532 2908 ¹3¹·
551 2828 594 2888 l.
623 2847 682 2888 2.
702 2824 1007 2908 potuissent
1038 2823 1133 2886 ed.
1162 2825 1234 2886 R.
1256 2838 1319 2885 et
1348 2841 1489 2886 mss.
1511 2820 1694 2888 Grut.
1726 2823 1936 2906 Vulgo
1951 2845 2055 2908 po·

144 2904 320 2970 misser.
397 2907 444 2968 l.
488 2926 581 2988 13.
623 2909 952 2990 mancipavi
997 2907 1315 2970 commode
1358 2907 1610 2968 restituit
1659 2904 1862 2969 Ruhk.
1901 2924 2055 2968 con-

144 2987 515 3054 sentientibus
537 2988 811 3070 (praeter
840 2985 1086 3052 Gruteri
1117 2987 1339 3065 qud.)
1378 2988 1554 3050 etiam
1578 2987 1672 3049 ed.
1696 2990 1770 3050 R.
1800 3001 1862 3049 et
1876 2988 1956 3048 A.
1991 3001 2054 3049 et

146 3087 243 3132 ms.
260 3093 305 3131 c.
382 3073 432 3132 l.
463 3088 535 3149 ¹7
548 3089 638 3149 sq.
668 3093 999 3152 supervacua
1032 3068 1127 3131 ed.
1152 3072 1225 3130 R.
1260 3084 1319 3130 et
1346 3087 1484 3131 mss.
1503 3067 1659 3152 Ops.
1681 3082 1866 3131 recte.
1911 3068 2054 3130 Hoc

146 3151 277 3210 enim
299 3152 513 3214 vocab.
547 3166 891 3216 constanter
923 3149 1143 3215 et-alibi
1168 3150 1442 3214 meliores
1467 3149 1598 3212 libri
1635 3166 1907 3223 tuentur,
1951 3149 2056 3212 ubi
2109 3154 2120 3172 ¹

146 3228 381 3295 iuniores
420 3233 535 3315 (ut
572 3231 707 3315 bic)
752 3237 1020 3316 superflua
1054 3247 1306 3316 ponunt.
1387 3232 1430 3294 l.
1469 3253 1506 3294 2
1520 3253 1574 3294 1.
1601 3232 1910 3314 inligamus.
1953 3230 2054 3294 Sic

148 3328 267 3375 mss.
301 3314 457 3395 Ops.
484 3330 544 3376 et
566 3315 833 3398 illigamus
861 3316 953 3376 ed.
974 3317 1045 3376 R.
1082 3331 1219 3376 curn
1244 3313 1444 3377 msstis
1473 3311 1842 3394 Grut.⁴quod
1864 3312 2054 3375 multo
2107 3367 2123 3390 .

148 3393 433 3471 disertius,
458 3415 636 3477 quam
662 3397 969 3477 vulgatum
994 3397 1088 3456 alli
1122 3418 1293 3457 amus.
1337 3395 1492 3456 Mox
1511 3440 1532 3470 ‚
1565 3415 1634 3456 ae
1664 3394 1842 3455 deinde
1877 3411 2054 3455 com-

151 3478 308 3538 mode·
330 3479 507 3540 iidem
530 3497 667 3541 mss.
691 3476 849 3558 Ops.
873 3495 933 3538 et
956 3477 1049 3540 ed.
1128 3521 1145 3537 .
1180 3495 1319 3539 cum
1350 3495 1455 3538 tns.
1478 3499 1529 3538 c.

216 3559 371 3621 Pac.
419 3579 553 3642 ¹32·
586 3561 627 3620 l.
663 3557 721 3622 8.
762 3580 1082 3620 erramus.
1136 3558 1276 3619 Non
1312 3575 1537 3639 sperno
1572 3574 1876 3628 erratur,
1913 3553 2052 3618 inde

152 3635 219 3698 ab
235 3638 473 3703 Erasmo
503 3641 851 3723 vulgatum:
872 3641 971 3702 sed
1008 3640 1246 3720 reposui
1268 3639 1329 3701 id
1357 3639 1521 3720 quod
1545 3636 1754 3700 dedere
1781 3635 1871 3698 ed.
1893 3639 1965 3697 R.
1988 3652 2053 3699 et

153 3719 220 3778 A.
249 3741 374 3782 cum
402 3741 512 3786 ms.
533 3747 581 3785 c.
661 3725 703 3783 l.
746 3741 835 3784 12.
876 3738 937 3782 ut
970 3719 1203 3794 tusciae,
1240 3719 1405 3801 (scil.
1441 3738 1516 3782 an
1547 3717 1760 3780 habeat
1781 3715 2053 3800 cornua)

154 3799 265 3861 situ
294 3804 373 3864 illi
404 3806 544 3866 subt.
578 3801 674 3868 Sic
706 3804 799 3866 ed.
826 3805 902 3864 R.
928 3822 1065 3864 cum
1104 3821 1245 3864 mss.
1269 3799 1389 3863 Pal.
1419 3821 1473 3863 2.
1499 3818 1560 3863 et
1576 3799 1715 3863 Col.
1757 3798 2052 3882 Mendose

155 3899 209 3942 ue
230 3886 423 3948 nescias
446 3907 521 3948 an
548 3886 634 3949 illi
667 3889 808 3952 subt.
842 3884 931 3950 ed.
946 3887 1030 3950 A.
1062 3902 1201 3949 cum
1227 3901 1339 3949 ms.
1356 3905 1410 3948 c.
1455 3881 1694 3967 Vulgo,
1721 3899 1784 3946 ut
1807 3905 1915 3946 non
1941 3883 2053 3946 ha·
2169 3916 2176 3920 -
