2759 4825
711 401 804 455 ιο
1085 374 1174 453 L'.
1223 377 1671 455 ANNAEI
1712 378 2235 457 SENECAE

704 537 890 632 quid
919 538 1308 613 verborum
1332 556 1571 628 notas,
1612 539 1879 633 quibus
1906 542 2233 633 quamvis
2255 542 2473 615 citata
2500 554 2619 615 eir-'

702 647 963 739 cipitur
989 648 1214 718 oratio
1232 698 1257 734 ,
1307 664 1382 718 et
1424 648 1853 719 celeritatem
1895 648 2189 745 linguae.
2214 674 2483 723 manus
2516 676 2620 721 se-

703 756 1010 849 quitur?
1075 756 1597 827 Vilissimorum
1658 757 2179 850 mancipiorum
2240 760 2375 831 ista
2424 784 2622 833 com·-

701 884 948 939 menta
995 882 1195 937 sunt:
1253 868 1591 961 sapientia
1636 867 1846 941 altius
1886 867 2124 968 sedet,
2186 894 2327 941 nec
2372 895 2620 941 manus

701 975 1002 1063 edocet3
1055 978 1465 1051 animorum
1508 977 1835 1077 magistra
1871 994 1995 1049 est.
2036 979 2163 1050 Vis
2184 980 2413 1067 scire,
2436 980 2621 1073 ,quid

700 1085 820 1155 illa
868 1088 1125 1159 eruerit
1145 1138 1168 1175 ,
1201 1088 1386 1181 quid
1423 1088 1778 1161 effecerit?
1839 1088 2011 1161 Non
2038 1088 2437 1161 dedecoros
2472 1112 2622 1159 cor·

700 1198 892 1291 poris
918 1214 1196 1285 motus,
1227 1220 1359 1269 nec
1388 1200 1617 1270 varios
1642 1224 1771 1291 pet
1798 1199 2049 1271 tubam
2072 1221 2151 1269 ac
2176 1196 2439 1269 tibiam
2464 1220 2621 1267 can·
2713 1260 2714 1267 ,

699 1321 851 1392 tus,
891 1304 1156 1395 quibus
1201 1321 1541 1398 exceptus
1575 1305 1899 1398 spiritus,
1940 1322 2067 1377 aut
2108 1305 2184 1375 in
2214 1304 2465 1389 exim,
2502 1318 2622 1373 aut
2713 1298 2714 1303 ’

700 1411 778 1511 in
805 1413 1135 1498 transitu,
1184 1412 1531 1483 formatur
1560 1413 1637 1481 in
1671 1437 1971 1499 vocem3
2025 1433 2176 1483 non
2200 1436 2401 1483 arma
2427 1461 2453 1498 ‚
2496 1431 2623 1479 nec
2712 1416 2714 1469 ἒ

701 1544 943 1591 muros
960 1571 983 1608 ,
1003 1546 1138 1593 nec
1161 1522 1380 1609 bella:
1407 1522 1609 1593 utilia
1629 1524 1954 1611 molitur,
1974 1523 2131 1617 paci
2162 1521 2363 1595 favet
2378 1572 2403 1609 ,
2422 1536 2493 1591 et
2516 1543 2625 1616 ge·
2713 1522 2714 1527 ’

702 1652 838 1701 nus
859 1632 1263 1703 humanum
1287 1631 1387 1707 ad
1408 1630 1865 1701 concordiam
1888 1648 2114 1703 vocat.
2148 1630 2222 1702 N
2228 1652 2331 1699 on
2362 1643 2501 1713 est,
2528 1627 2626 1699 in·

703 1761 954 1831 quarn,
970 1740 1611 1809 instrumentorum
1628 1738 1719 1809 ad
1742 1764 1905 1809 usus
1921 1738 2342 1840 necessarios
2363 1735 2619 1831 opifex.

802 1847 1013 1951 Quid
1043 1850 1146 1921 illi
1183 1867 1330 1920 tam
1376 1850 1673 1942 parvula
1700 1848 2065 1944 adsignas?
2109 1844 2480 1917 Artificem
2522 1846 2623 1914 vi·-

609 1944 614 1956 ¹
700 1960 830 2030 des
857 1962 1054 2031 vitae.
1104 1961 1288 2029 Alias
1317 1960 1618 2051 quidem
1636 1975 1815 2030 artes
1838 1960 1974 2029 sub
2004 1959 2339 2030 dominio
2375 1957 2625 2041 habet;

651 2080 868 2161 ,clam
909 2073 1028 2144 cui
1080 2074 1268 2161 vita,
1315 2074 1420 2143 illi
1462 2075 1649 2145 vitae
1688 2094 1993 2166 quoque
2018 2088 2453 2146 ornamenta
2492 2083 2622 2143 se't-

700 2184 946 2253 viunt:
974 2200 1290 2277 ceterum
1313 2182 1403 2253 ad
1432 2184 1721 2257 beatum
1743 2197 2007 2253 statum
2034 2180 2309 2267 tendit3
2340 2183 2467 2253 illo
2490 2180 2622 2251 du-

697 2294 798 2365 cit
815 2345 836 2381 ‚
865 2294 1158 2365 illo-vias
1181 2296 1426 2387 aperit.
1476 2296 1687 2397 Quae
1710 2292 1852 2387 sint
1878 2296 2097 2381 mala,
2126 2318 2317 2401 quae
2344 2294 2625 2367 videan-

701 2417 822 2472 tur
847 2455 868 2488 ,
918 2404 1238 2474 ostendit
1255 2431 1278 2490 ;
1343 2404 1735 2476 vanitatem
1792 2406 1994 2477 exuit
2044 2407 2482 2492 mentibus,·
2508 2402 2623 2474 dat

699 2511 1271 2606 magnitudinem
1295 2512 1641 2600 solidam3
1676 2513 1997 2586 inflatam
2020 2539 2191 2587 vero
2210 2567 2237 2604 ,
2267 2532 2343 2587 et
2370 2539 2465 2587 ex
2486 2513 2624 2586 ina·
2714 2573 2716 2586 .

699 2618 780 2688 ni
821 2617 1208 2711 speciosam
1255 2621 1613 2720 reprimit3
1664 2645 1799 2694 nec
1844 2623 2143 2720 ignorari
2172 2625 2351 2695 sinit
2371 2673 2395 2710 ,
2443 2622 2622 2692 inter

701 2747 954 2821 magna
979 2726 1164 2818 quid
1185 2727 1460 2797 intersit
1478 2723 1557 2797 et
1579 2727 1898 2799 tumida:
1929 2732 2147 2801 totius
2172 2748 2471 2802 naturae
2496 2753 2624 2802 no·

697 2835 928 2904 titiam
947 2885 971 2922 ,
995 2859 1076 2906 ac
1091 2858 1257 2905 suae
1279 2887 1304 2924 ,
1341 2837 1574 2909 tradit.
1614 2838 1819 2942 Quid
1839 2839 1975 2910 sint
2003 2839 2165 2926 Dii,
2190 2843 2621 2932 qualesque,

701 2942 1043 3028 declarat3
1071 2945 1254 3035 quid
1284 2947 1533 3032 inferi,
1568 2947 1749 3038 quid
1782 2949 1952 3019 lares
1978 2966 2053 3018 et
2074 2949 2261 3045 genii
2284 2976 2307 3032 ς
2338 2950 2520 3042 quid
2546 2951 2622 3020 in

700 3051 1082 3122 secundam
1111 3055 1501 3126 numinum
1548 3055 1853 3130 formam
1878 3059 2155 3130 animae
2192 3061 2619 3154 perpetitae3

700 3157 827 3228 ubi
871 3159 1290 3244 consistant,
1328 3161 1514 3252 quid
1556 3180 1801 3260 agant,
1856 3162 2037 3254 quid
2082 3165 2401 3258 possint,
2444 3162 2619 3257 quid

699 3266 947 3336 velint.
977 3265 1172 3336 Haec
1199 3268 1348 3338 eius
1384 3269 1831 3351 initiamenta
1858 3288 2064 3360 sunt,
2088 3297 2224 3365 per
2257 3297 2449 3368 quae
2470 3293 2618 3344 non

699 3372 1136 3467 municipale
1159 3399 1435 3448 sacrum
1450 3428 1481 3466 ,
1515 3379 1638 3455 sed
1662 3379 1908 3480 ingens
1934 3378 2263 3454 Deorum
2288 3383 2618 3454 omnium

700 3485 1056 3577 templum
1075 3534 1098 3569 ,
1126 3485 1442 3557 mundus
1466 3488 1653 3580 ipse,
1690 3504 2067 3576 reseratur;
2116 3492 2317 3562 cuius
2346 3511 2507 3558 vera
2532 3485 2619 3554 si·-

586 3637 592 3644 -
700 3591 1045 3677 mulacra,
1065 3615 1401 3685 verasque
1426 3593 1631 3666 facies
1657 3597 2037 3670 cernendas
2063 3595 2426 3667 mentibus
2452 3616 2617 3687 pro-

703 3694 909 3764 tulit:
959 3721 1126 3770 nam
1169 3699 1262 3770 ad
1291 3704 1687 3793 spectacula
1714 3718 1861 3776 tam
1896 3722 2147 3802 magna
2192 3703 2409 3774 hebes
2434 3702 2615 3774 visus

707 3821 826 3876 est.
860 3802 996 3898 'Ad
1029 3808 1226 3882 initia
1269 3811 1533 3884 deinde
1568 3838 1813 3888 rerum
1844 3813 2071 3904 redit,
2108 3803 2610 3906 aeternamque
2710 3821 2716 3828 ⁴
