2759 4825
711 426 805 481 ιο
1073 402 1155 473 L.
1206 399 1659 501 ANNAm
1708 398 2247 474 SENECAE

708 578 832 634 est.
883 560 1045 634 Hoc
1097 584 1330 633 unum
1377 562 1565 633 scios
1614 562 1875 633 omnia
1932 563 2361 638 mortalium
2416 584 2627 656 opera

704 674 1132 744 mortalitate
1151 671 1479 743 damnata
1504 690 1709 758 sunt3
1734 673 1917 743 inter
1938 674 2259 767 petitum
2285 673 2508 748 vivim
2517 699 2609 744 us.

801 784 998 855 Haec
1023 804 1190 880 ergo
1213 796 1433 875 atque
1458 781 1815 853 eiusmodi
1842 780 2101 852 solatia*
2116 782 2492 853 admoveo
2520 783 2623 852 Li·

581 910 590 921 “
702 894 922 967 bera-li
969 911 1252 980 nostre,
1311 891 1709 963 incredibili
1760 890 2082 985 quodam
2135 892 2415 985 patriae
2466 916 2621 965 suae

700 1020 942 1079 amore
988 1001 1341 1103 flagranti3
1390 1027 1577 1096 quae
1608 1001 1891 1074 fortasse
1930 1020 2320 1073 consumta
2357 1018 2499 1092 est,
2544 1020 2623 1077 ut

699 1117 775 1187 in
815 1114 1068 1186 melius
1111 1113 1548 1184 excitaretur.
1588 1110 1813 1203 Saepe
1846 1110 2093 1181 maiori
2130 1110 2473 1183 fortunae
2513 1114 2619 1183 lo-

696 1246 867 1295 cum
893 1222 1059 1292 fecit
1085 1219 1375 1305 iniuria3
1404 1222 1630 1291 multa
1654 1219 2103 1310 ceciderunt,
2134 1236 2225 1292 ut
2248 1222 2457 1293 altius
2482 1246 2619 1291 sur·

696 1346 945 1430 gerent
965 1329 1133 1401 etin
1157 1327 1401 1398 maius.
1433 1326 1881 1427 Timagenes,
1907 1330 2229 1403 felicitati
2258 1328 2463 1401 Urbis
2489 1330 2617 1400 ini-

696 1445 922 1516 micus
943 1493 964 1530 ,
993 1440 1255 1529 aiebat,
1285 1438 1551 1511 Romae
1572 1441 1703 1511 sibi
1731 1444 2058 1513 incendia
2080 1438 2185 1514 ob
2212 1445 2359 1515 hoc
2386 1464 2607 1514 unum

695 1549 934 1621 dolori
987 1570 1176 1634 esse,
1229 1545 1437 1639 quod
1494 1547 1699 1619 sciret
1744 1549 2036 1620 meliora
2087 1564 2605 1633 resurrectura,

691 1684 916 1754 quarn
963 1658 1292 1730 arsissent.
1345 1658 1429 1727 In
1478 1658 1607 1729 hac
1654 1683 1957 1751 quoque
2004 1660 2195 1731 urbe
2240 1658 2607 1730 verisimile

693 1784 796 1841 est
821 1784 1206 1841 certaturos
1229 1786 1478 1838 omnes
1505 1784 1685 1855 esse,
1713 1786 1799 1839 ut
1828 1770 2091 1840 maiora
2136 1770 2601 1859 certioraque,

691 1900 916 1971 quam
945 1877 1267 1962 amisere,
1302 1876 1692 1948 restituant.
1726 1876 1882 1950 Sint
1915 1880 2198 1951 utinam
2232 1878 2596 1961 diuturna,

690 2004 766 2058 et
793 1984 1207 2056 melioribus
1229 1985 1547 2078 auspiciis
1572 1987 1646 2057 in
1670 2011 1928 2059 aevum
1961 1991 2273 2087 longius
2278 1963 2594 2062 condita!

687 2094 876 2169 Nam
906 2093 1073 2165 huic
1105 2094 1429 2164 coloniae
1460 2094 1551 2165 ab
1580 2096 1851 2193 origine
1876 2122 1999 2169 sua
2028 2100 2459 2173 centesimus
2482 2112 2598 2169 an-

687 2228 826 2277 nus
861 2218 1012 2291 est,
1065 2213 1260 2274 aetas*
1291 2226 1389 2274 ne
1438 2204 1715 2276 homini
1762 2207 2063 2299 quidem
2122 2221 2467 2281 extrema.
2532 2204 2592 2275 A

685 2310 956 2385 Planco
1001 2310 1352 2402 deducta,
1396 2315 1474 2386 in
1518 2315 1701 2387 hane
1734 2314 2261 2411 frequentiam,
2294 2318 2443 2389 loci
2475 2340 2598 2411 op-

686 2426 1162 2521 portunitate,
1213 2427 1576 2498 convaluit
1588 2453 1610 2515 3
1662 2451 1847 2520 quae
1872 2446 2115 2500 tamen
2156 2428 2595 2527 gravissimos

685 2560 878 2608 casus
905 2537 1088 2605 intra
1123 2535 1432 2629 spatium
1473 2535 1827 2607 humanae
1858 2537 2159 2631 pertulit
2198 2535 2587 2608 senectutis.

780 2647 1035 2740 Itaque
1063 2643 1415 2716 fonnetur
1435 2646 1711 2716 animus
1732 2644 1825 2716 ad
1848 2647 2298 2716 intellectum
2318 2643 2587 2740 patien-

681 2746 1006 2849 tiatnque
1049 2754 1249 2826 sortis
1289 2776 1491 2842 suae,
1548 2772 1620 2826 et
1656 2755 1821 2826 sciat
1861 2754 2041 2826 nihil
2084 2753 2420 2825 inausum
2454 2774 2586 2824 esse

680 2851 1053 2948 fortunae}
1077 2853 1412 2936 'adversus
1436 2865 1727 2959 imperia
1750 2865 1939 2934 illam
1967 2863 2157 2934 idem
2184 2863 2451 2934 habere
2476 2860 2582 2929 iu-

679 2971 811 3056 ris,
858 2968 1062 3061 quod
1113 2969 1439 3040 adversus
1476 2971 1961 3064 ‘imperantes3
2009 2969 2343 3046 adversus
2376 2967 2581 3041 urbes

676 3078 874 3149 idern
918 3101 1162 3170 posse,
1209 3079 1413 3170 quod
1448 3074 1772 3150 adversus
1807 3078 2147 3150 homines.
2196 3078 2403 3150 Nihil
2449 3077 2579 3146 ho·-

675 3207 840 3258 rum
880 3185 1405 3282 indignandum
1438 3201 1571 3256 est:
1616 3189 1689 3257 in
1726 3211 1893 3260 eum
1922 3186 2341 3272 intravimus
2364 3207 2575 3256 mun-

675 3291 950 3379 dum,
930 3304 1006 3362 m
1053 3314 1208 3384 quo
1248 3287 1352 3364 his
1392 3295 1665 3391 legibus
1709 3296 1992 3366 vivitur.
2015 3295 2333 3364 Placet?
2376 3292 2569 3388 pare!

670 3425 826 3474 non
863 3401 1153 3496 placet?
1195 3421 1663 3495 quacumque
1689 3405 1829 3491 vis,
1864 3405 2025 3473 exi'.
2011 3404 2026 3450 ¹
2062 3403 2478 3501 Indignate,
2518 3400 2570 3469 si

673 3510 856 3603 quid
891 3514 967 3580 in
992 3527 1068 3584 te
1104 3509 1337 3604 iniqui
1363 3513 1649 3612 proprie
1687 3513 2161 3586 constitutum
2190 3530 2318 3584 est.
2368 3509 2493 3582 sed
2519 3505 2572 3578 si

669 3618 842 3692 haec
879 3641 1197 3692 summos
1221 3621 1549 3715 imosque
1576 3627 1939 3696 necessitas
1972 3626 2274 3722 adligat,
2318 3623 2395 3692 in
2418 3645 2568 3719 gra-

668 3729 842 3802 tiam
867 3755 1032 3804 cum
1079 3733 1226 3806 fato
1260 3749 1605 3804 revertere
1622 3785 1644 3821 ,
1694 3758 1731 3804 a
1758 3759 1909 3826 quo
1934 3735 2175 3808 omnia
2198 3733 2565 3802 resolvun-

669 3853 808 3908 tur.
854 3838 1030 3913 Non
1061 3860 1168 3916 est
1201 3842 1411 3940 quod
1451 3865 1583 3914 nos
1622 3845 1917 3920 tumulis
1958 3840 2301 3933 metiaris,
2346 3858 2421 3913 et
2460 3839 2561 3910 his
