2759 4825
617 449 714 548 9⁶
1005 437 1088 510 L.
1136 425 1583 508 ANNAm
1632 365 2173 526 senecam
2300 453 2307 460 -

615 605 842 691 mihi,
881 617 954 672 te
990 600 1383 698 loquutum
1422 608 1661 664 tecum
1692 585 2063 692 quidquid
2082 587 2394 658 lechnus
2430 604 2541 655 est

617 715 742 788 sed
771 727 855 783 ut
877 709 1281 804 castigarem
1308 705 1501 773 illam
1531 700 1860 797 exiguam
1884 706 2199 778 motam,
2230 710 2373 783 qua
2391 715 2436 762 a
2468 707 2547 764 te

617 819 950 900 recessisti
969 869 994 906 ‚
1045 833 1118 888 et
1143 817 1218 885 in
1241 807 2083 904 reliquum.adhoetater·,
2122 818 2370 876 contra
2394 799 2547 872 for-

621 953 872 1008 tunam
914 931 1192 1001 tolleres
1239 925 1513 994 animos
1538 969 1559 1007 ,
1596 934 1667 990 et
1702 917 1943 988 omnia
1966 913 2115 984 eius
2150 914 2291 984 tela
2317 949 2357 997 ,ν
2384 935 2545 984 non

619 1045 994 1136 tamqnam
1039 1051 1329 1132 possent
1369 1033 1659 1118 venire,
1710 1027 1833 1099 sed
1875 1044 2249 1118 tamquam
2281 1022 2549 1118 utique

621 1171 850 1230 essent
873 1167 1212 1236 ventura,
1253 1144 1702 1241 prospiceres·
1730 1146 1789 1186 ‘⁶
1848 1137 2049 1211 Vale.

1171 1348 1227 1418 E
1249 1349 1305 1416 P
1333 1347 1371 1418 1
1388 1345 1435 1418 S
1461 1341 1529 1414 T
1556 1341 1629 1414 Ο
1658 1341 1721 1412 L
1746 1339 1809 1412 A
1886 1337 1969 1410 C.

718 1587 724 1592 ἱ
770 1507 855 1565 De
867 1505 1067 1578 Papirio
1081 1499 1298 1558 Fabiano
1315 1497 1627 1570 philosopho
1646 1443 1885 1558 iudieium
1898 1531 1913 1558 ,
1923 1493 2141 1562 viasque
2158 1490 2383 1562 §etipsu-

1007 1659 1350 1728 SENECA
1399 1651 1649 1722 Lucilio
1689 1673 1799 1720 suo
1840 1646 2149 1719 Salutem.

627 1765 732 1900 F
739 1835 1021 1896 Anum
1061 1809 1389 1888 PAmRu
1422 1817 1655 1888 libros,
1692 1809 1821 1905 qui
1852 1806 2335 1879 inscribuntur
2368 1801 2543 1878 Civi-

628 1935 820 2005 lium‚
869 1928 1110 2024 legisse
1143 1939 1220 1994 te
1257 1921 1711 2016 cupidissime
1752 1915 2025 2000 scribis,
2070 1912 2193 1984 sed
2236 1933 2387 1982 non
2430 1935 2541 1982 re·-

623 2039 988 2136 spondisse
1013 2031 1523 2128 exspectationi
1554 2047 1756 2100 tuae:
1804 2025 2103 2135 deinde,
2136 2021 2404 2098 oblims
2444 2023 2539 2094 de

625 2150 1060 2251 philosopho
1105 2147 1263 2242 agi,
1309 2142 1910 2238 compositionem
1954 2139 2101 2209 eius
2144 2159 2539 2210 accusas.-··

527 2338 532 2346 ,
623 2259 806 2334 Puta
829 2282 972 2330 esse
985 2269 1011 2346 ¹,
1039 2256 1244 2352 quod
1273 2254 1442 2326 dicis
1464 2306 1489 2342 ,
1532 2267 1605 2325 et
1632 2241 1905 2324 effundi
1935 2247 2147 2318 verba
2172 2298 2193 2334 ,
2224 2265 2375 2315 non
2405 2244 2542 2338 fin-

625 2374 736 2472 gi:
785 2371 1138 2464 primum,
1187 2367 1405 2439 habet
1436 2367 1560 2436 ista
1593 2385 1701 2435 res
1738 2383 1935 2432 suam
1962 2359 2292 2455 gratiam3
2336 2374 2409 2428 et
2436 2371 2559 2465 est·

626 2482 845 2553 decor
890 2478 1216 2573 proprius
1257 2474 1591 2546 orationis
1630 2472 1882 2542 leniter
1918 2471 2166 2561 lapsae.
2212 2465 2537 2537 Multum

627 2592 818 2661 enim
851 2589 1178 2667 interesse
1197 2586 1521 2657 existimo
1542 2636 1564 2671 ,
1592 2600 1837 2653 utrum
1870 2580 2211 2652 exciderit
2230 2627 2252 2666 ‚
2284 2604 2376 2649 an
2404 2574 2539 2648 flu·

623 2701 827 2771 xerit.
861 2698 1074 2767 Nunc
1101 2698 1172 2767 in
1199 2698 1338 2766 hoc
1363 2718 1712 2788 quoque,
1752 2692 1957 2784 quod
1986 2690 2302 2761 dicturus
2329 2713 2483 2764 sum
2509 2739 2533 2776 ‚

623 2808 871 2905 ingens
913 2804 1307 2875 differentia
1347 2817 1470 2873 est.
1510 2800 1857 2871 Fabianus
1899 2800 2074 2870 mihi
2122 2814 2272 2869 nou
2305 2797 2537 2868 effun-

627 2916 792 2985 dere
815 2914 1098 2985 videtur
1122 2917 1564 2998 orationem,
1603 2911 1726 2980 sed
1758 2910 2095 2981 funderez
2144 2908 2325 2979 adeo
2355 2912 2535 3005 larga

627 3041 766 3107 est3
793 3040 865 3093 et
899 3023 1048 3091 sine
1076 3022 1647 3114 perturbatione,
1675 3042 1826 3089 non·
1851 3020 1997 3091 sine
2021 3040 2230 3087 cursu
2258 3033 2489 3113 tamen
2508 3067 2532 3106 ,

622 3133 936 3204 veniens.
977 3130 1167 3201 Illud
1207 3134 1417 3225 plane
1450 3131 1707 3203 fatetur
1745 3149 1819 3201 et
1844 3129 2181 3225 praefert,
2216 3152 2370 3200 non
2394 3152 2533 3201 esse

623 3258 1027 3329 tractatam,
1069 3262 1206 3311 nec
1231 3240 1356 3311 diu
1392 3256 1674 3313 tortam.
1724 3236 1865 3310 Sed
1908 3240 2043 3325 ita,
2096 3255 2177 3307 ut
2202 3238 2343 3327 νὶε,
2388 3262 2533 3311 esse

571 3380 579 3384 ·
624 3352 1032 3425 credamus:
1074 3374 1305 3421 mores
1341 3350 1503 3439 ille,
1540 3372 1690 3419 non
1726 3348 1941 3419 verba
1968 3348 2413 3441 composuit,
2459 3364 2533 3420 et

623 3462 872 3533 animis
912 3458 1179 3553 scripsit
1217 3460 1380 3545 ista,
1424 3479 1575 3531 non
1610 3457 1915 3531 auribus.
1948 3459 2339 3543 Praeterea,
2380 3458 2535 3551 ipso
2598 3548 2609 3559 ἡ

624 3571 908 3642 dicente
935 3588 1099 3640 ‘non
1135 3584 1437 3639 vacasset
1476 3568 1611 3638 tibi
1638 3584 1869 3664 partes
1892 3567 2193 3657 intueti,
2237 3567 2416 3637 adeo
2454 3559 2537 3637 t&

621 3668 898 3754 summa
924 3681 1295 3774 rapuisset:
1347 3696 1420 3749 et
1447 3677 1631 3767 fere,
1678 3704 1864 3771 quae
1890 3678 2167 3770 impetu
2212 3680 2533 3773 placent,

594 3792 860 3873 mainus
883 3806 1234 3885 praestant
1259 3788 1350 3860 ad
1377 3810 1677 3865 manum
1707 3792 1935 3863 relata
1984 3788 2125 3859 Sed
2142 3786 2331 3861 ‘illud
2356 3812 2537 3882 quo-

626 3919 774 3995 que
814 3903 1129 3973 multum
1175 3906 1278 3975 est
1301 3954 1323 3993 ‚
1369 3902 1613 3997 primo
1639 3902 1983 3999 adspectu
2028 3900 2279 3972 oculos
2322 3922 2543 3973 occu-
