2759 4825
641 362 792 502 208.
1023 419 1108 494 L.
1159 419 1619 494 ΑΝΝΑΕΙ
1668 419 2206 494 SENECAE
2256 529 2267 558 ι

509 659 524 674 ,
613 586 1169 662 ,constitutionis
1203 612 1370 658 suae
1412 611 1653 658 sensus
1696 601 1843 675 est,
1890 603 1961 659 et
1988 588 2161 660 inde
2198 587 2577 660 membro·-

636 723 802 772 rum
831 717 981 768 tam
1007 697 1342 791 expedita
1367 696 1741 767 tractatio:
1778 720 1915 768 nec
1940 700 2173 768 ullum
2192 689 2438 772 'maius
2468 699 2577 768 in·

639 808 913 880 dicium
961 807 1308 879 habemus
1328 856 1350 892 ,
1392 829 1565 876 cum
1592 805 1722 874 hac
1751 807 1867 876 illa
1894 805 1985 876 ad
2016 806 2415 880 vivendum
2446 831 2574 877 ve-

635 919 790 990 nire
815 919 1068 990 notitia
1091 970 1114 1007 ‚
1149 943 1368 1011 quam
1394 916 1604 1011 quod
1628 917 1921 988 nullum
1946 917 2209 987 animal
2235 916 2331 988 ad
2352 941 2571 992 usum

635 1029 746 1102 sui
770 1028 954 1100 rude
989 1045 1111 1100 est.
1159 1095 1164 1098 .
1670 1045 1679 1054 ‘

739 1141 1133 1213 constitutio
1151 1193 1176 1217 .
1211 1141 1483 1240 inquit,
1512 1157 1645 1216 est,
1672 1153 1759 1210 ut
1789 1163 1915 1210 vos
1940 1137 2167 1210 dicitis
2186 1189 2211 1226 ‚
2235 1142 2569 1239 principa-

591 1293 610 1314 ν
639 1253 700 1326 le
725 1257 966 1330 animi.
1000 1255 1272 1351 quodam
1308 1255 1489 1324 modo
1529 1279 1598 1323 se
1622 1253 1859 1324 liabens
1897 1279 2055 1346 erga
2094 1279 2345 1351 corpus.
2402 1255 2569 1326 Hoc

633 1382 786 1436 tam
826 1369 1252 1459 perplexum
1297 1385 1370 1434 et
1404 1366 1701 1449 subtile,
1742 1386 1814 1436 et
1858 1366 2065 1436 vobis
2098 1387 2409 1456 quoq-ue
2446 1365 2567 1436 vix

635 1475 1074 1561 enarrabile,
1128 1473 1515 1566 quomodo
1568 1473 1797 1544 infans
1848 1474 2233 1571 intelligit?
2289 1473 2567 1546 Omnia

635 1587 966 1670 animalia
993 1585 1354 1657 dialectica
1394 1583 1579 1655 nasci
1610 1599 2019 1676 oporteret,
2070 1601 2151 1654 ut
2174 1583 2379 1654 istam
2410 1580 2569 1696 fini-⁸

597 1725 604 1737 ’
633 1695 915 1767 tionem
943 1749 970 1784 ,
1017 1720 1310 1791 magnae
1345 1694 1528 1789 parti
1562 1695 1943 1765 hominum
1980 1709 2397 1792 togatorum
2428 1693 2563 1765 ob-

631 1831 951 1896 scuram,
981 1807 1405 1905 intelligant.
1439 1845 1513 1864 --
1556 1807 1832 1880 Verum
1860 1823 2041 1893 erat,
2072 1805 2279 1899 quod
2322 1827 2564 1898 oppo-

633 1915 788 2003 nis,
831 1913 886 1984 si
933 1939 1068 2011 ego
1105 1917 1195 1986 ab
1251 1916 1677 1988 animalibus
1722 1913 2253 1987 constitutionis
2294 1913 2563 1984 finitio·

631 2052 806 2098 nem
828 2026 1124 2125 intelligi
1147 2027 1455 2098 dicerem
1471 2079 1493 2116 ‚
1523 2050 1672 2098 non
1699 2029 1921 2121 ipsam
1938 2026 2561 2098 constitutionem.

633 2137 934 2210 Facilius
967 2156 1218 2208 natura
1246 2137 1704 2236 intelligitur,
1740 2161 1961 2231 quam
1989 2153 2371 2208 enarratur.
2419 2135 2561 2206 Ita-

633 2269 784 2338 que
812 2245 1042 2316 infans
1071 2249 1188 2316 ille
1214 2299 1236 2334 ,
1283 2248 1469 2341 quid
1510 2245 1599 2318 sit
1634 2246 2089 2334 constitutio,
2129 2269 2287 2320 non
2308 2245 2559 2332 novit3

633 2356 1230 2428 constitutionem
1257 2381 1459 2428 suam
1484 2358 1726 2429 novit:
1768 2375 1872 2445 et,
1920 2357 2100 2449 quid
2136 2357 2223 2427 sit
2248 2357 2511 2428 &nimal
2534 2405 2559 2443 ‚

628 2472 900 2555 nescit3
949 2474 1212 2567 animal
1263 2498 1407 2543 esse
1452 2496 1571 2559 se,
1622 2472 1854 2541 sentit.
1921 2471 2286 2541 Praeterea
2332 2470 2559 2563 ipsa'm

631 2580 1224 2654 constitutionem
1251 2608 1451 2653 suam
1488 2606 1705 2654 crasse
1729 2583 2059 2679 intelligit
2079 2632 2101 2668 ‚
2147 2602 2221 2653 et
2242 2603 2565 2654 summa-

629 2692 807 2779 tim,
854 2710 927 2761 et
969 2692 1292 2763 obscure.
1330 2694 1489 2765 Nos
1538 2716 1879 2785 quoque,
1924 2692 2251 2761 animum
2295 2693 2599 2784 habere>

627 2822 798 2885 nos,
829 2800 1134 2873 scimus·
1113 2854 1134 2889 ‚
1175 2803 1354 2897 quid
1384 2804 1473 2875 sit
1497 2805 1815 2890 animuS,
1854 2803 1982 2873 ubi
2010 2800 2097 2871 sit
2117 2852 2137 2889 ‚
2178 2803 2407 2893 qualis
2428 2802 2560 2889 sit,

629 2926 704 2977 et
730 2908 970 2997 unde,
1003 2912 1375 2982 nescimus.
1410 2912 1662 3018 Qualis
1690 2910 1787 2981 ad
1824 2934 1955 2982 nos
1972 2908 2303 3004 pervenit
2334 2911 2563 2984 animi

625 3018 850 3089 nostri
886 3044 1162 3107 sensus,
1215 3022 1541 3114 quamvis
1583 3041 1911 3093 naturam
1956 3022 2106 3091 eius
2148 3020 2561 3119 ignoremus

623 3151 706 3198 ac
737 3128 1018 3202 sedem·
998 3156 1018 3216 3
1065 3132 1220 3201 talis
1249 3131 1344 3201 ad
1371 3134 1616 3204 omnia
1654 3133 1985 3203 animalia
2026 3132 2565 3204 constitutionis

621 3247 792 3310 suae
843 3262 1099 3311 sensus.
1153 3240 1453 3329 Necesse
1508 3260 1612 3314 est
1664 3242 1857 3314 enim
1890 3243 1981 3313 {d
2022 3240 2331 3313 sentiant
2351 3291 2375 3328 ‚
2429 3266 2564 3337 per

624 3346 832 3439 quod
858 3348 987 3417 alia
1015 3372 1318 3442 quoque
1355 3351 1721 3421 sentiunt:
1766 3372 2045 3422 necesse
2088 3370 2190 3421 est
2217 3349 2369 3420 eius
2393 3374 2583 3421 sen..⁸

621 3480 782 3527 sum
809 3456 1122 3529 habeant
1141 3510 1163 3545 ,
1194 3460 1311 3533 cui
1338 3478 1633 3555 parent,
1661 3486 1699 3533 a
1728 3486 1883 3555 quo
1912 3474 2278 3559 reguntur.
2316 3460 2563 3534 Nemo

620 3588 774 3637 non
817 3592 910 3639 ex
946 3564 1158 3639 nobis
1202 3571 1582 3671 intelligit,
1632 3598 1775 3643 esse
1816 3573 2133 3665 aliquid,
2170 3570 2381 3665 quod
2424 3572 2567 3644 im·-

618 3694 831 3770 petus
851 3702 1016 3751 suos
1039 3700 1366 3768 moveat3
1407 3684 1591 3778 quid
1618 3684 1704 3757 sit
1731 3685 1912 3757 illud
1930 3734 1953 3772 ,
1983 3684 2295 3781 ignorat:
2330 3702 2405 3784 et
2434 3708 2565 3755 co-

617 3803 870 3860 natum
897 3790 1032 3861 sibi
1052 3814 1194 3862 esse
1219 3792 1388 3878 scit3
1424 3794 1606 3886 quid
1630 3795 1759 3883 sit,
1789 3812 1914 3865 aut
1936 3794 2135 3865 unde
2158 3796 2280 3881 sit,
2312 3794 2565 3867 nescit·

595 3888 736 4027 ‘Sic
779 3894 1174 3975 inflantibus
1214 3924 1521 4001 quoque
1551 3952 1575 3998 ,
1620 3904 2242 4001 animalibusque,
2293 3905 2565 4013 princi-
