2759 4825
762 384 1573 455 PRAEFArim
2007 401 2120 481 ιθ

192 532 437 602 tenda
422 535 537 621 ipsi
562 531 694 601 visa
718 535 935 600 fuisset
968 538 1220 620 vulgata
1253 539 1568 619 scriptura.
1615 537 1752 619 Qui
1791 540 1839 601 si
1873 536 2148 603 saitem
2102 582 2122 618 ,

194 646 450 711 praeter
488 629 897 693 Erasmianum
934 629 1312 711 exemplum,
1352 628 1610 711 aliquam
1641 649 1678 691 e
1714 632 2126 712 superioribus

194 726 575 789 editionibus
598 726 671 788 ad
704 742 943 789 manum
980 724 1281 787 habuisset
1300 770 1319 799 ‚
1352 725 1726 806 vidissetque
1763 744 1940 807 quam
1971 726 2130 790 mul-

190 814 303 882 tas
336 820 557 903 probas
588 821 885 883 lectiones
925 818 1057 883 illae
1086 834 1288 883 essent
1324 818 1676 894 oblaturae,
1715 833 1870 901 quae
1913 836 2124 903 parum
2183 822 2189 827 ”

196 911 471 976 feliciter
501 914 577 975 ab
603 904 851 976 Erasmo
888 928 1155 977 mutatae
1182 906 1363 989 sunt,
1407 931 1536 975 non
1575 929 1938 998 gravat-urus
1968 914 2128 979 fuis—

200 1014 311 1067 set'
355 1006 504 1087 quin
554 1006 851 1069 eiusmodi
904 1006 1115 1069 saltem
1144 1007 1219 1069 in
1258 1004 1411 1068 locis
1447 1001 1758 1067 docuisset
1797 1004 2129 1129 lectorem?

201 1114 473 1184 quanam
505 1115 543 1160 a
580 1116 750 1183 parte
776 1100 871 1161 sui
898 1098 1141 1161 codices
1174 1114 1424 1161 starent.

292 1192 419 1253 Ista
452 1191 772 1275 Opsopoei
810 1193 874 1254 in
914 1192 1289 1277 proferendis
1321 1191 1604 1254 codicum
1641 1206 1891 1255 suorum
1939 1194 2134 1277 parsi·-

204 1286 458 1359 monia,
494 1301 683 1367 quum
718 1285 1056 1369 suspicarer
1085 1300 1323 1346 exstare
1348 1282 1606 1347 fortasse
1644 1289 1824 1347 etiam
1856 1288 2038 1349 hodie
2068 1288 2132 1349 in
2210 1315 2220 1321 ·

205 1380 485 1460 Imperial?
510 1380 837 1441 Bibliotheca
870 1380 1159 1441 Parisiensi
1196 1380 1520 1443 nonnullos
1548 1396 1622 1443 ex
1649 1362 1897 1443 eisdem
1907 1382 2133 1445 codici&
2173 1434 2176 1441 .

210 1474 369 1547 bus»,
415 1474 632 1555 quibus
671 1472 769 1535 ine
806 1492 950 1537 usus
985 1486 1180 1549 esset,
1216 1472 1574 1537 desiderium
1607 1476 1752 1536 mihi
1789 1477 1994 1539 iniecit
2026 1490 2136 1538 ex·

217 1568 537 1651 periundi‚
580 1586 658 1630 an
704 1568 1041 1631 uberiorem
1088 1570 1408 1652 quamdam
1457 1570 1696 1633 illorum
1747 1570 2134 1633 collationem

210 1659 483 1721 nancisci
525 1659 1055 1749 possem.1taque
1091 1674 1279 1741 quum
1324 1661 1388 1722 in
1439 1680 1518 1723 eo
1553 1674 1711 1724 esset
1758 1677 1828 1725 ut
1872 1660 2134 1725 Parisios

213 1750 713 1836 proficisceretur
734 1752 849 1815 vir
856 1748 1119 1827 iuvenis,
1152 1752 1377 1817 multae
1400 1752 1747 1831 doetrinae,
1773 1754 1996 1817 multae
2027 1754 2137 1837 hu*-
2213 1758 2216 1763 '

212 1846 553 1923 maturatis,
594 1850 718 1909 Car.
754 1848 898 1908 Fnd.
942 1846 1075 1911 Tim.
1107 1846 1444 1919 Emmerich‚
1470 1844 1713 1910 auditor
1752 1847 1892 1909 olim
1917 1888 1937 1923 ,
1973 1861 2139 1911 nune

214 1938 449 2000 amicus
476 1956 649 2001 meus
675 1940 737 2001 in
760 1939 969 2023 paucis
992 1958 1201 2001 carus·
1184 1985 1206 2015 ,
1244 1938 1432 2001 huic
1417 1956 1479 1999 m
1505 1938 1796 2001 mandatis
1834 1939 1998 2012 dedi,
2033 1955 2139 2015 ut,

216 2033 425 2115 quoad
458 2033 571 2095 sibi
610 2050 719 2117 per
758 2028 1019 2127 reliquas
1058 2033 1325 2101 rationes
1364 2032 1614 2109 liceret,
1665 2044 1979 2097 excuteret
2015 2032 2136 2109 ibi,

216 2142 493 2189 nostram
528 2142 593 2188 et
624 2113 888 2191 senecae
922 2128 1114 2190 nostri
1152 2128 1215 2189 in
1255 2126 1539 2209 gratiam,
1578 2131 1711 2188 duos
1755 2130 1947 2190 codices
1980 2146 2140 2191 mem·-

219 2218 539 2291 branaceos,
588 2215 885 2297 Epistolas
923 2216 1187 2279 Senecae
1222 2227 1510 2279 Lxxxm.
1549 2216 1652 2297 (id
1684 2231 1808 2290 est,
1834 2234 1924 2277 ex
1957 2220 2141 2279 ratio-

220 2324 305 2371 ne
359 2326 523 2371 nunc
563 2326 827 2392 ,recepta
854 2356 875 2385 ,
930 2308 1229 2393 Epistolas
1289 2308 1688 2387 πιᾶναι.)
1745 2308 2141 2385 exhibentes3

222 2423 489 2485 quorum
524 2402 776 2468 alterum
796 2448 815 2480 ,
856 2404 998 2468 olim
1027 2407 1317 2467 Puteanum
1339 2451 1360 2478 ‚
1402 2429 1489 2466 no.
1530 2404 1706 2485 8539.
1743 2403 1806 2466 in
1832 2402 2021 2465 Catal.
2048 2404 2144 2467 Bi..

222 2496 441 2558 blioth.
470 2495 616 2560 oiim
639 2495 867 2579 Regiae
890 2497 967 2558 ad·
982 2491 1248 2559 seculum
1278 2498 1664 2560 undecimum
1684 2545 1702 2574 ‚
1727 2497 1982 2561 aiterum
2013 2499 2160 2580 (nm,

224 2589 449 2672 8615.)
494 2589 637 2652 olim
678 2593 1061 2675 Colbeninugn3
1116 2592 1191 2652 ad
1224 2590 1357 2654 Sec.
1400 2608 1551 2654 xm.
1595 2592 1862 2655 videram
1909 2591 2144 2657 referri.

224 2681 305 2744 Et
332 2681 465 2758 iiie,
490 2677 1036 2760 haudcunctatus,
1072 2701 1199 2747 non
1236 2687 1424 2748 modo
1455 2687 1608 2748 duos
1647 2689 1800 2748 istos
1836 2686 2140 2762 Codices,

224 2775 331 2837 sed
358 2789 425 2837 et
452 2773 705 2839 similem
738 2775 845 2839 illis
870 2776 1055 2839 alium
1078 2792 1107 2851 ,·
1124 2773 1321 2838 Roma
1351 2795 1548 2860 nuper
1577 2777 1834 2838 Parisios
1853 2774 2140 2852 delatum,

222 2867 543 2930 Palatinum
570 2885 731 2932 num.
760 2872 931 2949 1546.
950 2869 1061 2950 qui
1098 2869 1464 2932 duodecimo
1483 2869 1693 2932 seculo
1725 2870 1984 2953 scriptus
2007 2887 2144 2950 pet·-

226 2959 503 3037 hibetur,
548 2981 687 3026 eum
712 2963 995 3046 exemplo
1030 2962 1310 3026 editionis
1349 2961 1712 3044 Bipontinae
1747 2963 1951 3045 coepit
1981 2981 2144 3034 con·-

226 3053 429 3128 ferre3
484 3055 560 3116 ad
605 3069 823 3136 meque
872 3058 1119 3138 (quum.
1148 3055 1317 3162 plura
1354 3073 1644 3138 peragere
1687 3071 1796 3140 per
1847 3058 2143 3138 temporis

226 3143 591 3209 brevitatem
608 3147 873 3230 aliasque
894 3146 1329 3233 occupationes
1354 3163 1482 3210 non
1508 3150 1758 3232 posset)
1785 3149 1965 3211 trium
1995 3150 2143 3211 isto-

229 3259 367 3302 rum
422 3239 701 3302 codicum
744 3242 1059 3304 variantes
1110 3241 1436 3318 lectiones,
1483 3244 1738 3326 primum
1784 3256 1859 3306 ex
1884 3245 2144 3336 triginta

230 3331 467 3394 duabus
510 3333 811 3412 prioribus
852 3333 1133 3418 Epistolis
1172 3349 1250 3394 et
1279 3348 1450 3416 parte
1489 3336 1828 3417 trigesimae
1873 3323 2112 3397 tertiae
2115 3373 2138 3410 ,

228 3445 359 3491 tum
390 3428 610 3491 deinde
652 3445 728 3492 ex
763 3430 945 3515 Epist.
972 3443 1498 3494 Lx.-1.xxxv111.
1547 3446 1893 3512 excerptas,
1934 3431 2141 3491 trans·
2235 3449 2238 3460 ·

233 3521 411 3584 misit.
472 3520 551 3583 Et
591 3537 669 3585 eo
711 3525 953 3606 quidem
994 3542 1268 3608 tempore
1318 3524 1394 3586 ad
1436 3541 1532 3586 me
1580 3523 1860 3606 pervenit
1902 3522 2140 3610 egregia

226 3613 382 3678 haec
422 3612 735 3694 symbola,
763 3636 897 3698 quo
928 3612 1047 3678 iam
1083 3617 1247 3698 typis
1278 3611 1615 3703 exscriptae
1657 3632 1830 3676 erant
1868 3629 1976 3676 eae
2002 3609 2140 3698 epi-.-

235 3711 427 3774 stolae
458 3733 495 3778 e
528 3714 746 3796 quibus
784 3732 1102 3798 excerptae
1142 3713 1438 3776 lectiones
1475 3724 1684 3784 erant,
1726 3724 1796 3771 ut
1837 3709 1931 3770 his
1967 3709 2140 3793 dirigi

234 3823 439 3870 meum
468 3807 536 3868 in
565 3807 994 3874 constituendo
1038 3805 1323 3870 editionis
1374 3820 1621 3868 nostrae
1659 3753 1946 3896 exemplo
1973 3801 2143 3864 iudi-
