<?xml version="1.0" encoding="UTF-8"?>
<!DOCTYPE html PUBLIC "-//W3C//DTD XHTML 1.0 Transitional//EN"
    "http://www.w3.org/TR/xhtml1/DTD/xhtml1-transitional.dtd">
<html xmlns="http://www.w3.org/1999/xhtml" xml:lang="en" lang="en">
 <head>
  <title>
</title>
<meta http-equiv="Content-Type" content="text/html;charset=utf-8" />
  <meta name='ocr-system' content='tesseract 3.04.00' />
  <meta name='ocr-capabilities' content='ocr_page ocr_carea ocr_par ocr_line ocrx_word'/>
</head>
<body>
  <div class='ocr_page' id='page_1' title='image "./lannaeisenecaea00bipogoog_0094.png"; bbox 0 0 2759 4825; ppageno 0'>
   <div class='ocr_carea' id='block_1_1' title="bbox 613 381 2157 485">
    <p class='ocr_par' dir='ltr' id='par_1_1' title="bbox 613 381 2157 485">
     <span class='ocr_line' id='line_1_1' title="bbox 613 381 2157 485; baseline -0.018 0"><span class='ocrx_word' id='word_1_1' title='bbox 613 410 712 485; x_wconf 76' lang='lat'>86</span> <span class='ocrx_word' id='word_1_2' title='bbox 987 402 1068 478; x_wconf 87' lang='lat' dir='ltr'>L.</span> <span class='ocrx_word' id='word_1_3' title='bbox 1121 393 1583 476; x_wconf 84' lang='lat' dir='ltr'><strong>ANNAEI</strong></span> <span class='ocrx_word' id='word_1_4' title='bbox 1630 381 2157 466; x_wconf 87' lang='lat' dir='ltr'>SENECAE</span> 
     </span>
    </p>
   </div>
   <div class='ocr_carea' id='block_1_2' title="bbox 531 545 2650 3173">
    <p class='ocr_par' dir='ltr' id='par_1_2' title="bbox 617 545 2541 662">
     <span class='ocr_line' id='line_1_2' title="bbox 617 545 2541 662; baseline -0.017 -19"><span class='ocrx_word' id='word_1_5' title='bbox 617 571 812 657; x_wconf 74' lang='lat' dir='ltr'>istis,</span> <span class='ocrx_word' id='word_1_6' title='bbox 847 591 1032 662; x_wconf 88' lang='lat' dir='ltr'>quae</span> <span class='ocrx_word' id='word_1_7' title='bbox 1057 559 1390 636; x_wconf 78' lang='lat' dir='ltr'>terribilia</span> <span class='ocrx_word' id='word_1_8' title='bbox 1412 558 1786 641; x_wconf 85' lang='lat' dir='ltr'>videntur,</span> <span class='ocrx_word' id='word_1_9' title='bbox 1820 550 1999 624; x_wconf 82' lang='lat' dir='ltr'>nihil</span> <span class='ocrx_word' id='word_1_10' title='bbox 2030 562 2133 619; x_wconf 84' lang='lat' dir='ltr'>est</span> <span class='ocrx_word' id='word_1_11' title='bbox 2162 545 2541 616; x_wconf 79' lang='lat' dir='ltr'>invictum.</span> 
     </span>
    </p>

    <p class='ocr_par' dir='ltr' id='par_1_3' title="bbox 531 657 2650 3173">
     <span class='ocr_line' id='line_1_3' title="bbox 623 657 2547 778; baseline -0.018 -24"><span class='ocrx_word' id='word_1_12' title='bbox 623 680 913 778; x_wconf 82' lang='lat' dir='ltr'>Singula</span> <span class='ocrx_word' id='word_1_13' title='bbox 957 675 1184 745; x_wconf 83' lang='lat' dir='ltr'>vicere</span> <span class='ocrx_word' id='word_1_14' title='bbox 1225 671 1367 742; x_wconf 88' lang='lat' dir='ltr'>iam</span> <span class='ocrx_word' id='word_1_15' title='bbox 1414 666 1664 738; x_wconf 86' lang='lat' dir='ltr'>multi:</span> <span class='ocrx_word' id='word_1_16' title='bbox 1712 665 1949 760; x_wconf 82' lang='lat' dir='ltr'>ignem</span> <span class='ocrx_word' id='word_1_17' title='bbox 1996 657 2318 729; x_wconf 87' lang='lat' dir='ltr'>Mucius·</span> <span class='ocrx_word' id='word_1_18' title='bbox 2299 699 2337 740; x_wconf 93' lang='lat'>,</span> <span class='ocrx_word' id='word_1_19' title='bbox 2377 675 2547 722; x_wconf 71' lang='lat' dir='ltr'>cru·</span> 
     </span>
     <span class='ocr_line' id='line_1_4' title="bbox 621 759 2550 880; baseline -0.017 -20"><span class='ocrx_word' id='word_1_20' title='bbox 621 814 778 860; x_wconf 88' lang='lat' dir='ltr'>cem</span> <span class='ocrx_word' id='word_1_21' title='bbox 808 785 1154 880; x_wconf 81' lang='lat' dir='ltr'>Regulus,</span> <span class='ocrx_word' id='word_1_22' title='bbox 1190 799 1551 852; x_wconf 85' lang='lat' dir='ltr'>venenum</span> <span class='ocrx_word' id='word_1_23' title='bbox 1582 771 1935 852; x_wconf 84' lang='lat' dir='ltr'>Socrates3</span> <span class='ocrx_word' id='word_1_24' title='bbox 1983 763 2306 838; x_wconf 78' lang='lat' dir='ltr'>exsilium</span> <span class='ocrx_word' id='word_1_25' title='bbox 2329 759 2550 833; x_wconf 70' lang='lat' dir='ltr'>Ruti·-</span> 
     </span>
     <span class='ocr_line' id='line_1_5' title="bbox 617 869 2549 979; baseline -0.016 -12"><span class='ocrx_word' id='word_1_26' title='bbox 617 897 794 979; x_wconf 81' lang='lat' dir='ltr'>lius;</span> <span class='ocrx_word' id='word_1_27' title='bbox 831 905 1136 964; x_wconf 85' lang='lat' dir='ltr'>mortem</span> <span class='ocrx_word' id='word_1_28' title='bbox 1183 883 1366 956; x_wconf 70' lang='lat' dir='ltr'>serto</span> <span class='ocrx_word' id='word_1_29' title='bbox 1408 881 1725 959; x_wconf 80' lang='lat' dir='ltr'>adactam</span> <span class='ocrx_word' id='word_1_30' title='bbox 1771 875 1988 950; x_wconf 88' lang='lat' dir='ltr'>Cato·</span> <span class='ocrx_word' id='word_1_31' title='bbox 2032 888 2107 944; x_wconf 89' lang='lat' dir='ltr'>et</span> <span class='ocrx_word' id='word_1_32' title='bbox 2136 895 2267 948; x_wconf 81' lang='lat' dir='ltr'>nos</span> <span class='ocrx_word' id='word_1_33' title='bbox 2300 869 2549 940; x_wconf 75' lang='lat' dir='ltr'>vinca-</span> 
     </span>
     <span class='ocr_line' id='line_1_6' title="bbox 621 977 2553 1092; baseline -0.017 -13"><span class='ocrx_word' id='word_1_34' title='bbox 621 1031 787 1079; x_wconf 84' lang='lat' dir='ltr'>mus</span> <span class='ocrx_word' id='word_1_35' title='bbox 815 996 1124 1092; x_wconf 84' lang='lat' dir='ltr'>aliquid!</span> <span class='ocrx_word' id='word_1_36' title='bbox 1157 995 1418 1066; x_wconf 83' lang='lat' dir='ltr'>Rursus</span> <span class='ocrx_word' id='word_1_37' title='bbox 1444 993 1564 1062; x_wconf 81' lang='lat' dir='ltr'>ista</span> <span class='ocrx_word' id='word_1_38' title='bbox 1582 1040 1605 1078; x_wconf 91' lang='lat'><strong>,</strong></span> <span class='ocrx_word' id='word_1_39' title='bbox 1631 1010 1866 1081; x_wconf 87' lang='lat' dir='ltr'>quae,</span> <span class='ocrx_word' id='word_1_40' title='bbox 1896 1000 1979 1056; x_wconf 91' lang='lat' dir='ltr'>ut</span> <span class='ocrx_word' id='word_1_41' title='bbox 2004 981 2311 1075; x_wconf 86' lang='lat' dir='ltr'>speciosa</span> <span class='ocrx_word' id='word_1_42' title='bbox 2340 994 2413 1050; x_wconf 90' lang='lat' dir='ltr'>et</span> <span class='ocrx_word' id='word_1_43' title='bbox 2438 977 2553 1048; x_wconf 76' lang='lat' dir='ltr'>fe-</span> 
     </span>
     <span class='ocr_line' id='line_1_7' title="bbox 531 1096 2553 1200; baseline -0.015 -13"><span class='ocrx_word' id='word_1_44' title='bbox 531 1143 538 1150; x_wconf 90' lang='lat'><strong>·</strong></span> <span class='ocrx_word' id='word_1_45' title='bbox 619 1114 822 1200; x_wconf 82' lang='lat' dir='ltr'>licia,</span> <span class='ocrx_word' id='word_1_46' title='bbox 859 1110 1148 1182; x_wconf 73' lang='lat' dir='ltr'>trahunt</span> <span class='ocrx_word' id='word_1_47' title='bbox 1173 1105 1515 1200; x_wconf 83' lang='lat' dir='ltr'>vulgum,</span> <span class='ocrx_word' id='word_1_48' title='bbox 1558 1125 1599 1170; x_wconf 87' lang='lat' dir='ltr'>a</span> <span class='ocrx_word' id='word_1_49' title='bbox 1625 1096 1868 1170; x_wconf 80' lang='lat' dir='ltr'>multis</span> <span class='ocrx_word' id='word_1_50' title='bbox 1896 1111 1967 1170; x_wconf 84' lang='lat' dir='ltr'>et</span> <span class='ocrx_word' id='word_1_51' title='bbox 1988 1116 2193 1186; x_wconf 86' lang='lat' dir='ltr'>saepe</span> <span class='ocrx_word' id='word_1_52' title='bbox 2226 1107 2553 1161; x_wconf 88' lang='lat' dir='ltr'>contem·</span> 
     </span>
     <span class='ocr_line' id='line_1_8' title="bbox 625 1201 2554 1300; baseline -0.015 -4"><span class='ocrx_word' id='word_1_53' title='bbox 625 1242 699 1298; x_wconf 76' lang='lat' dir='ltr'>ta</span> <span class='ocrx_word' id='word_1_54' title='bbox 727 1237 914 1295; x_wconf 82' lang='lat' dir='ltr'>sunt.</span> <span class='ocrx_word' id='word_1_55' title='bbox 961 1215 1313 1289; x_wconf 80' lang='lat' dir='ltr'>Fabricius</span> <span class='ocrx_word' id='word_1_56' title='bbox 1349 1210 1627 1282; x_wconf 86' lang='lat' dir='ltr'>divitias</span> <span class='ocrx_word' id='word_1_57' title='bbox 1654 1209 2041 1300; x_wconf 85' lang='lat' dir='ltr'>imperator</span> <span class='ocrx_word' id='word_1_58' title='bbox 2065 1201 2344 1288; x_wconf 87' lang='lat' dir='ltr'>reiecit,</span> <span class='ocrx_word' id='word_1_59' title='bbox 2374 1221 2554 1270; x_wconf 79' lang='lat' dir='ltr'>cen·-</span> 
     </span>
     <span class='ocr_line' id='line_1_9' title="bbox 621 1312 2555 1416; baseline -0.016 -9"><span class='ocrx_word' id='word_1_60' title='bbox 621 1360 740 1412; x_wconf 70' lang='grc' dir='ltr'>σοι’</span> <span class='ocrx_word' id='word_1_61' title='bbox 773 1330 1044 1404; x_wconf 88' lang='lat' dir='ltr'>notavit</span> <span class='ocrx_word' id='word_1_62' title='bbox 1066 1355 1087 1414; x_wconf 80' lang='lat'><em>3</em></span> <span class='ocrx_word' id='word_1_63' title='bbox 1113 1325 1411 1398; x_wconf 78' lang='lat' dir='ltr'>Tubero</span> <span class='ocrx_word' id='word_1_64' title='bbox 1438 1336 1930 1416; x_wconf 78' lang='lat' dir='ltr'>paupertatem</span> <span class='ocrx_word' id='word_1_65' title='bbox 1958 1329 2031 1386; x_wconf 85' lang='lat' dir='ltr'>et</span> <span class='ocrx_word' id='word_1_66' title='bbox 2058 1338 2130 1384; x_wconf 84' lang='lat' dir='ltr'>se</span> <span class='ocrx_word' id='word_1_67' title='bbox 2159 1312 2445 1411; x_wconf 81' lang='lat' dir='ltr'>dignam</span> <span class='ocrx_word' id='word_1_68' title='bbox 2474 1325 2555 1378; x_wconf 86' lang='lat' dir='ltr'>et</span> 
     </span>
     <span class='ocr_line' id='line_1_10' title="bbox 627 1419 2555 1538; baseline -0.013 -23"><span class='ocrx_word' id='word_1_69' title='bbox 627 1444 986 1538; x_wconf 86' lang='lat' dir='ltr'>Capitolio</span> <span class='ocrx_word' id='word_1_70' title='bbox 1030 1433 1409 1519; x_wconf 85' lang='lat' dir='ltr'>iudicavit,</span> <span class='ocrx_word' id='word_1_71' title='bbox 1450 1455 1725 1524; x_wconf 88' lang='lat' dir='ltr'>quum,</span> <span class='ocrx_word' id='word_1_72' title='bbox 1770 1424 2156 1498; x_wconf 86' lang='lat' dir='ltr'>fictilibus</span> <span class='ocrx_word' id='word_1_73' title='bbox 2140 1447 2213 1492; x_wconf 85' lang='lat' dir='ltr'>m</span> <span class='ocrx_word' id='word_1_74' title='bbox 2258 1419 2555 1514; x_wconf 76' lang='lat' dir='ltr'>publica</span> 
     </span>
     <span class='ocr_line' id='line_1_11' title="bbox 627 1533 2552 1637; baseline -0.011 -13"><span class='ocrx_word' id='word_1_75' title='bbox 627 1576 852 1624; x_wconf 87' lang='lat' dir='ltr'>coena</span> <span class='ocrx_word' id='word_1_76' title='bbox 898 1573 1058 1621; x_wconf 87' lang='lat' dir='ltr'>usus</span> <span class='ocrx_word' id='word_1_77' title='bbox 1077 1599 1099 1637; x_wconf 87' lang='lat'><strong>,</strong></span> <span class='ocrx_word' id='word_1_78' title='bbox 1148 1542 1496 1628; x_wconf 84' lang='lat' dir='ltr'>ostendit,</span> <span class='ocrx_word' id='word_1_79' title='bbox 1542 1541 1803 1611; x_wconf 85' lang='lat' dir='ltr'>debere</span> <span class='ocrx_word' id='word_1_80' title='bbox 1843 1537 1948 1606; x_wconf 90' lang='lat' dir='ltr'>his</span> <span class='ocrx_word' id='word_1_81' title='bbox 1983 1533 2353 1606; x_wconf 86' lang='lat' dir='ltr'>hominem</span> <span class='ocrx_word' id='word_1_82' title='bbox 2404 1553 2552 1603; x_wconf 80' lang='lat' dir='ltr'>esse</span> 
     </span>
     <span class='ocr_line' id='line_1_12' title="bbox 629 1593 2557 1746; baseline -0.011 -15"><span class='ocrx_word' id='word_1_83' title='bbox 629 1676 1085 1740; x_wconf 79' lang='lat' dir='ltr'>content-um,</span> <span class='ocrx_word' id='word_1_84' title='bbox 1111 1651 1371 1746; x_wconf 88' lang='lat' dir='ltr'>quibus</span> <span class='ocrx_word' id='word_1_85' title='bbox 1396 1593 1516 1720; x_wconf 81' lang='lat' dir='ltr'>Dii</span> <span class='ocrx_word' id='word_1_86' title='bbox 1537 1648 1945 1722; x_wconf 81' lang='lat' dir='ltr'>etiamnunc</span> <span class='ocrx_word' id='word_1_87' title='bbox 1970 1657 2360 1713; x_wconf 83' lang='lat' dir='ltr'>uterentur.</span> <span class='ocrx_word' id='word_1_88' title='bbox 2388 1637 2557 1710; x_wconf 77' lang='lat' dir='ltr'>Ho-</span> 
     </span>
     <span class='ocr_line' id='line_1_13' title="bbox 627 1756 2558 1860; baseline -0.01 -21"><span class='ocrx_word' id='word_1_89' title='bbox 627 1791 838 1840; x_wconf 83' lang='lat' dir='ltr'>nores</span> <span class='ocrx_word' id='word_1_90' title='bbox 859 1767 1123 1860; x_wconf 86' lang='lat' dir='ltr'>repulit</span> <span class='ocrx_word' id='word_1_91' title='bbox 1147 1780 1342 1857; x_wconf 84' lang='lat' dir='ltr'>pater</span> <span class='ocrx_word' id='word_1_92' title='bbox 1367 1759 1671 1847; x_wconf 78' lang='lat' dir='ltr'>Sextius,</span> <span class='ocrx_word' id='word_1_93' title='bbox 1700 1757 1853 1851; x_wconf 84' lang='lat' dir='ltr'>qui,</span> <span class='ocrx_word' id='word_1_94' title='bbox 1878 1756 1973 1825; x_wconf 84' lang='lat' dir='ltr'>ita</span> <span class='ocrx_word' id='word_1_95' title='bbox 1998 1772 2239 1838; x_wconf 86' lang='lat' dir='ltr'>natus,</span> <span class='ocrx_word' id='word_1_96' title='bbox 2262 1766 2347 1822; x_wconf 89' lang='lat' dir='ltr'>ut</span> <span class='ocrx_word' id='word_1_97' title='bbox 2362 1776 2558 1822; x_wconf 85' lang='lat' dir='ltr'>rem·</span> 
     </span>
     <span class='ocr_line' id='line_1_14' title="bbox 627 1845 2553 1972; baseline -0.006 -28"><span class='ocrx_word' id='word_1_98' title='bbox 627 1877 996 1972; x_wconf 83' lang='lat' dir='ltr'>publicam</span> <span class='ocrx_word' id='word_1_99' title='bbox 1027 1872 1320 1952; x_wconf 79' lang='lat' dir='ltr'><strong>deberet</strong></span> <span class='ocrx_word' id='word_1_100' title='bbox 1345 1892 1694 1964; x_wconf 81' lang='lat' dir='ltr'>capessere</span> <span class='ocrx_word' id='word_1_101' title='bbox 1715 1917 1738 1952; x_wconf 86' lang='lat'><strong>,</strong></span> <span class='ocrx_word' id='word_1_102' title='bbox 1766 1869 1990 1936; x_wconf 85' lang='lat' dir='ltr'>latum</span> <span class='ocrx_word' id='word_1_103' title='bbox 2010 1845 2293 1934; x_wconf 83' lang='lat' dir='ltr'>clavum</span> <span class='ocrx_word' id='word_1_104' title='bbox 2312 1913 2333 1950; x_wconf 91' lang='lat'>‚</span> <span class='ocrx_word' id='word_1_105' title='bbox 2372 1861 2553 1932; x_wconf 82' lang='lat' dir='ltr'>divo</span> 
     </span>
     <span class='ocr_line' id='line_1_15' title="bbox 631 1973 2556 2076; baseline -0.007 -18"><span class='ocrx_word' id='word_1_106' title='bbox 631 1988 825 2058; x_wconf 87' lang='lat' dir='ltr'>Iulio</span> <span class='ocrx_word' id='word_1_107' title='bbox 853 1989 1104 2073; x_wconf 77' lang='lat' dir='ltr'>dante,</span> <span class='ocrx_word' id='word_1_108' title='bbox 1131 2009 1278 2056; x_wconf 88' lang='lat' dir='ltr'>non</span> <span class='ocrx_word' id='word_1_109' title='bbox 1309 1983 1609 2076; x_wconf 80' lang='lat' dir='ltr'>recepit:</span> <span class='ocrx_word' id='word_1_110' title='bbox 1642 1978 2081 2075; x_wconf 86' lang='lat' dir='ltr'>intelligebat</span> <span class='ocrx_word' id='word_1_111' title='bbox 2101 1973 2319 2062; x_wconf 86' lang='lat' dir='ltr'>enim,</span> <span class='ocrx_word' id='word_1_112' title='bbox 2345 1973 2556 2068; x_wconf 87' lang='lat' dir='ltr'>quod</span> 
     </span>
     <span class='ocr_line' id='line_1_16' title="bbox 633 2082 2650 2188; baseline -0.007 -22"><span class='ocrx_word' id='word_1_113' title='bbox 633 2095 785 2166; x_wconf 83' lang='lat' dir='ltr'>dari</span> <span class='ocrx_word' id='word_1_114' title='bbox 829 2112 1101 2188; x_wconf 77' lang='lat' dir='ltr'>posset,</span> <span class='ocrx_word' id='word_1_115' title='bbox 1151 2109 1221 2164; x_wconf 90' lang='lat' dir='ltr'>et</span> <span class='ocrx_word' id='word_1_116' title='bbox 1260 2091 1432 2183; x_wconf 83' lang='lat' dir='ltr'>eripi</span> <span class='ocrx_word' id='word_1_117' title='bbox 1471 2113 1691 2183; x_wconf 86' lang='lat' dir='ltr'>posse.</span> <span class='ocrx_word' id='word_1_118' title='bbox 1730 2087 1885 2158; x_wconf 90' lang='lat' dir='ltr'>Nos</span> <span class='ocrx_word' id='word_1_119' title='bbox 1928 2109 2229 2179; x_wconf 89' lang='lat' dir='ltr'>quoque</span> <span class='ocrx_word' id='word_1_120' title='bbox 2272 2082 2559 2176; x_wconf 82' lang='lat' dir='ltr'>aliquid</span> <span class='ocrx_word' id='word_1_121' title='bbox 2640 2153 2650 2158; x_wconf 74' lang='grc'><em>,</em></span> 
     </span>
     <span class='ocr_line' id='line_1_17' title="bbox 630 2195 2563 2298; baseline -0.009 -20"><span class='ocrx_word' id='word_1_122' title='bbox 630 2205 767 2298; x_wconf 79' lang='lat' dir='ltr'>ipsi</span> <span class='ocrx_word' id='word_1_123' title='bbox 793 2203 1121 2274; x_wconf 87' lang='lat' dir='ltr'>faciamus</span> <span class='ocrx_word' id='word_1_124' title='bbox 1147 2201 1493 2273; x_wconf 76' lang='lat' dir='ltr'>animose!</span> <span class='ocrx_word' id='word_1_125' title='bbox 1522 2201 1737 2268; x_wconf 80' lang='lat' dir='ltr'>simus</span> <span class='ocrx_word' id='word_1_126' title='bbox 1761 2197 1945 2267; x_wconf 79' lang='lat' dir='ltr'>inter</span> <span class='ocrx_word' id='word_1_127' title='bbox 1968 2195 2325 2287; x_wconf 80' lang='lat' dir='ltr'>exempla!</span> <span class='ocrx_word' id='word_1_128' title='bbox 2353 2195 2563 2296; x_wconf 77' lang='lat' dir='ltr'>Qua-</span> 
     </span>
     <span class='ocr_line' id='line_1_18' title="bbox 631 2300 2561 2407; baseline -0.008 -22"><span class='ocrx_word' id='word_1_129' title='bbox 631 2335 711 2385; x_wconf 82' lang='lat' dir='ltr'>re</span> <span class='ocrx_word' id='word_1_130' title='bbox 737 2302 1150 2383; x_wconf 62' lang='lat' dir='ltr'>deficimus?</span> <span class='ocrx_word' id='word_1_131' title='bbox 1195 2334 1415 2403; x_wconf 85' lang='lat' dir='ltr'>quare</span> <span class='ocrx_word' id='word_1_132' title='bbox 1442 2306 1939 2401; x_wconf 81' lang='lat' dir='ltr'>desperamus?</span> <span class='ocrx_word' id='word_1_133' title='bbox 1981 2301 2365 2407; x_wconf 74' lang='lat' dir='ltr'>Quidquid</span> <span class='ocrx_word' id='word_1_134' title='bbox 2404 2300 2561 2371; x_wconf 76' lang='lat' dir='ltr'>fieri</span> 
     </span>
     <span class='ocr_line' id='line_1_19' title="bbox 635 2415 2562 2517; baseline -0.007 -22"><span class='ocrx_word' id='word_1_135' title='bbox 635 2424 925 2517; x_wconf 88' lang='lat' dir='ltr'>potuit,·</span> <span class='ocrx_word' id='word_1_136' title='bbox 953 2437 1206 2515; x_wconf 82' lang='lat' dir='ltr'>potest.</span> <span class='ocrx_word' id='word_1_137' title='bbox 1234 2422 1384 2491; x_wconf 88' lang='lat' dir='ltr'>Nos</span> <span class='ocrx_word' id='word_1_138' title='bbox 1412 2420 1636 2490; x_wconf 87' lang='lat' dir='ltr'>modo</span> <span class='ocrx_word' id='word_1_139' title='bbox 1664 2442 2048 2515; x_wconf 84' lang='lat' dir='ltr'>purgemus</span> <span class='ocrx_word' id='word_1_140' title='bbox 2072 2415 2425 2499; x_wconf 83' lang='lat' dir='ltr'>animum,</span> <span class='ocrx_word' id='word_1_141' title='bbox 2450 2436 2562 2482; x_wconf 80' lang='lat' dir='ltr'>se-</span> 
     </span>
     <span class='ocr_line' id='line_1_20' title="bbox 629 2520 2559 2626; baseline -0.006 -24"><span class='ocrx_word' id='word_1_142' title='bbox 629 2556 1096 2626; x_wconf 77' lang='lat' dir='ltr'>quamurque</span> <span class='ocrx_word' id='word_1_143' title='bbox 1120 2529 1438 2599; x_wconf 78' lang='lat' dir='ltr'>naturam</span> <span class='ocrx_word' id='word_1_144' title='bbox 1462 2554 1482 2613; x_wconf 78' lang='lat'><em>3</em></span> <span class='ocrx_word' id='word_1_145' title='bbox 1507 2552 1545 2598; x_wconf 91' lang='lat' dir='ltr'>a</span> <span class='ocrx_word' id='word_1_146' title='bbox 1571 2552 1722 2621; x_wconf 70' lang='lat' dir='ltr'>qua⁴</span> <span class='ocrx_word' id='word_1_147' title='bbox 1736 2520 2419 2616; x_wconf 58' lang='lat' dir='ltr'>abermntiaeupiend</span> <span class='ocrx_word' id='word_1_148' title='bbox 2430 2546 2559 2591; x_wconf 86' lang='lat' dir='ltr'>um</span> 
     </span>
     <span class='ocr_line' id='line_1_21' title="bbox 635 2634 2561 2733; baseline -0.006 -20"><span class='ocrx_word' id='word_1_149' title='bbox 635 2642 1200 2733; x_wconf 82' lang='lat' dir='ltr'>timendumque</span> <span class='ocrx_word' id='word_1_150' title='bbox 1225 2642 1367 2728; x_wconf 78' lang='lat' dir='ltr'>est,</span> <span class='ocrx_word' id='word_1_151' title='bbox 1405 2656 1478 2710; x_wconf 88' lang='lat' dir='ltr'>et</span> <span class='ocrx_word' id='word_1_152' title='bbox 1505 2638 1810 2709; x_wconf 83' lang='lat' dir='ltr'>fortuitis</span> <span class='ocrx_word' id='word_1_153' title='bbox 1834 2634 2306 2708; x_wconf 82' lang='lat' dir='ltr'>serviendum.</span> <span class='ocrx_word' id='word_1_154' title='bbox 2354 2634 2561 2705; x_wconf 90' lang='lat' dir='ltr'>Licet</span> 
     </span>
     <span class='ocr_line' id='line_1_22' title="bbox 631 2743 2565 2844; baseline -0.008 -19"><span class='ocrx_word' id='word_1_155' title='bbox 631 2752 892 2825; x_wconf 74' lang='lat' dir='ltr'>reverti</span> <span class='ocrx_word' id='word_1_156' title='bbox 918 2752 994 2823; x_wconf 92' lang='lat' dir='ltr'>in</span> <span class='ocrx_word' id='word_1_157' title='bbox 1025 2752 1244 2839; x_wconf 83' lang='lat' dir='ltr'>viam,</span> <span class='ocrx_word' id='word_1_158' title='bbox 1285 2752 1453 2820; x_wconf 88' lang='lat' dir='ltr'>licet</span> <span class='ocrx_word' id='word_1_159' title='bbox 1482 2750 1558 2827; x_wconf 83' lang='lat' dir='ltr'>in</span> <span class='ocrx_word' id='word_1_160' title='bbox 1593 2747 1950 2844; x_wconf 83' lang='lat' dir='ltr'>integrum</span> <span class='ocrx_word' id='word_1_161' title='bbox 1980 2744 2276 2819; x_wconf 82' lang='lat' dir='ltr'>restitui.</span> <span class='ocrx_word' id='word_1_162' title='bbox 2328 2743 2565 2813; x_wconf 62' lang='lat' dir='ltr'>Resti÷</span> 
     </span>
     <span class='ocr_line' id='line_1_23' title="bbox 635 2860 2563 2955; baseline -0.003 -24"><span class='ocrx_word' id='word_1_163' title='bbox 635 2878 968 2949; x_wconf 79' lang='lat' dir='ltr'>mamur,</span> <span class='ocrx_word' id='word_1_164' title='bbox 1005 2883 1090 2932; x_wconf 85' lang='lat' dir='ltr'>ut</span> <span class='ocrx_word' id='word_1_165' title='bbox 1125 2861 1469 2955; x_wconf 78' lang='lat' dir='ltr'>possim-us</span> <span class='ocrx_word' id='word_1_166' title='bbox 1505 2860 1830 2946; x_wconf 86' lang='lat' dir='ltr'>dolores,</span> <span class='ocrx_word' id='word_1_167' title='bbox 1872 2880 2361 2951; x_wconf 84' lang='lat' dir='ltr'>quocumque.</span> <span class='ocrx_word' id='word_1_168' title='bbox 2392 2880 2563 2925; x_wconf 87' lang='lat' dir='ltr'>mo·-</span> 
     </span>
     <span class='ocr_line' id='line_1_24' title="bbox 573 2964 2568 3067; baseline -0.006 -23"><span class='ocrx_word' id='word_1_169' title='bbox 573 3034 582 3045; x_wconf 25' lang='grc' dir='ltr'>χ</span> <span class='ocrx_word' id='word_1_170' title='bbox 639 2970 740 3039; x_wconf 88' lang='lat' dir='ltr'>do</span> <span class='ocrx_word' id='word_1_171' title='bbox 775 2966 1030 3067; x_wconf 83' lang='lat' dir='ltr'>corpus</span> <span class='ocrx_word' id='word_1_172' title='bbox 1056 2970 1474 3054; x_wconf 83' lang='lat' dir='ltr'>invaserint,</span> <span class='ocrx_word' id='word_1_173' title='bbox 1519 2968 1823 3063; x_wconf 82' lang='lat' dir='ltr'>perferre</span> <span class='ocrx_word' id='word_1_174' title='bbox 1848 3018 1869 3053; x_wconf 91' lang='lat'>,</span> <span class='ocrx_word' id='word_1_175' title='bbox 1913 2985 1983 3036; x_wconf 89' lang='lat' dir='ltr'>et</span> <span class='ocrx_word' id='word_1_176' title='bbox 2010 2964 2334 3039; x_wconf 81' lang='lat' dir='ltr'>fortunae</span> <span class='ocrx_word' id='word_1_177' title='bbox 2361 2964 2568 3036; x_wconf 76' lang='lat' dir='ltr'>dice·</span> 
     </span>
     <span class='ocr_line' id='line_1_25' title="bbox 625 3072 2567 3173; baseline -0.009 -18"><span class='ocrx_word' id='word_1_178' title='bbox 625 3105 718 3155; x_wconf 66' lang='lat'>1²0</span> <span class='ocrx_word' id='word_1_179' title='bbox 739 3109 755 3151; x_wconf 71' lang='grc' dir='ltr'>ε</span> <span class='ocrx_word' id='word_1_180' title='bbox 780 3081 940 3152; x_wconf 84' lang='lat' dir='ltr'>Cum</span> <span class='ocrx_word' id='word_1_181' title='bbox 959 3084 1100 3153; x_wconf 63' lang='lat' dir='ltr'>vire„</span> <span class='ocrx_word' id='word_1_182' title='bbox 1121 3082 1240 3149; x_wconf 74' lang='lat' dir='ltr'>eibi·</span> <span class='ocrx_word' id='word_1_183' title='bbox 1253 3074 1579 3173; x_wconf 75' lang='lat' dir='ltr'>negotium</span> <span class='ocrx_word' id='word_1_184' title='bbox 1608 3098 1701 3148; x_wconf 78' lang='lat' dir='ltr'>est</span> <span class='ocrx_word' id='word_1_185' title='bbox 1715 3102 1742 3151; x_wconf 77' lang='lat'>,⁶</span> <span class='ocrx_word' id='word_1_186' title='bbox 1771 3102 2000 3173; x_wconf 80' lang='lat' dir='ltr'>quaere</span> <span class='ocrx_word' id='word_1_187' title='bbox 2017 3100 2199 3173; x_wconf 81' lang='lat' dir='ltr'>quem</span> <span class='ocrx_word' id='word_1_188' title='bbox 2220 3076 2439 3145; x_wconf 80' lang='lat' dir='ltr'>vincas</span> <span class='ocrx_word' id='word_1_189' title='bbox 2458 3072 2487 3139; x_wconf 89' lang='lat'><em>!</em></span> <span class='ocrx_word' id='word_1_190' title='bbox 2506 3080 2567 3119; x_wconf 79' lang='lat'>‘⁶</span> 
     </span>
    </p>
   </div>
   <div class='ocr_carea' id='block_1_3' title="bbox 515 3180 2573 3283">
    <p class='ocr_par' dir='ltr' id='par_1_4' title="bbox 515 3180 2573 3283">
     <span class='ocr_line' id='line_1_26' title="bbox 515 3180 2573 3283; baseline -0.004 -24"><span class='ocrx_word' id='word_1_191' title='bbox 515 3274 526 3283; x_wconf 88' lang='lat'><em>.</em></span> <span class='ocrx_word' id='word_1_192' title='bbox 630 3258 636 3261; x_wconf 80' lang='grc'><strong>,</strong></span> <span class='ocrx_word' id='word_1_193' title='bbox 733 3188 864 3259; x_wconf 89' lang='lat' dir='ltr'>His</span> <span class='ocrx_word' id='word_1_194' title='bbox 908 3188 1397 3273; x_wconf 72' lang='lat' dir='ltr'>sermonibus&#39;⁹</span> <span class='ocrx_word' id='word_1_195' title='bbox 1446 3203 1519 3256; x_wconf 88' lang='lat' dir='ltr'>et</span> <span class='ocrx_word' id='word_1_196' title='bbox 1563 3186 1665 3259; x_wconf 89' lang='lat' dir='ltr'>his</span> <span class='ocrx_word' id='word_1_197' title='bbox 1707 3184 2089 3269; x_wconf 73' lang='lat' dir='ltr'>similibuS,</span> <span class='ocrx_word' id='word_1_198' title='bbox 2133 3182 2397 3251; x_wconf 84' lang='lat' dir='ltr'>lenitur</span> <span class='ocrx_word' id='word_1_199' title='bbox 2441 3180 2573 3251; x_wconf 82' lang='lat' dir='ltr'>illa</span> 
     </span>
    </p>
   </div>
   <div class='ocr_carea' id='block_1_4' title="bbox 631 3288 2577 3825">
    <p class='ocr_par' dir='ltr' id='par_1_5' title="bbox 631 3288 2577 3825">
     <span class='ocr_line' id='line_1_27' title="bbox 631 3288 2573 3389; baseline -0.007 -18"><span class='ocrx_word' id='word_1_200' title='bbox 631 3301 736 3371; x_wconf 79' lang='lat' dir='ltr'>vis</span> <span class='ocrx_word' id='word_1_201' title='bbox 777 3300 1060 3371; x_wconf 62' lang='lat' dir='ltr'>ulcerisz</span> <span class='ocrx_word' id='word_1_202' title='bbox 1111 3291 1330 3389; x_wconf 84' lang='lat' dir='ltr'>quarn</span> <span class='ocrx_word' id='word_1_203' title='bbox 1371 3312 1552 3389; x_wconf 69' lang='lat' dir='ltr'>opto</span> <span class='ocrx_word' id='word_1_204' title='bbox 1606 3294 2041 3380; x_wconf 72' lang='lat' dir='ltr'>mehercules</span> <span class='ocrx_word' id='word_1_205' title='bbox 2086 3288 2424 3387; x_wconf 82' lang='lat' dir='ltr'>mitigari,</span> <span class='ocrx_word' id='word_1_206' title='bbox 2486 3304 2573 3359; x_wconf 90' lang='lat' dir='ltr'>et</span> 
     </span>
     <span class='ocr_line' id='line_1_28' title="bbox 631 3396 2575 3496; baseline -0.005 -17"><span class='ocrx_word' id='word_1_207' title='bbox 631 3425 760 3479; x_wconf 75' lang='lat' dir='ltr'>aut</span> <span class='ocrx_word' id='word_1_208' title='bbox 803 3407 1068 3491; x_wconf 85' lang='lat' dir='ltr'>sanari,</span> <span class='ocrx_word' id='word_1_209' title='bbox 1115 3423 1236 3477; x_wconf 83' lang='lat' dir='ltr'>aut</span> <span class='ocrx_word' id='word_1_210' title='bbox 1275 3423 1455 3476; x_wconf 81' lang='lat' dir='ltr'>stare</span> <span class='ocrx_word' id='word_1_211' title='bbox 1480 3421 1553 3475; x_wconf 82' lang='lat' dir='ltr'>et</span> <span class='ocrx_word' id='word_1_212' title='bbox 1586 3428 1753 3475; x_wconf 89' lang='lat' dir='ltr'>cum</span> <span class='ocrx_word' id='word_1_213' title='bbox 1797 3405 1951 3496; x_wconf 89' lang='lat' dir='ltr'>ipso</span> <span class='ocrx_word' id='word_1_214' title='bbox 1990 3425 2362 3480; x_wconf 80' lang='lat' dir='ltr'>senescere.</span> <span class='ocrx_word' id='word_1_215' title='bbox 2412 3396 2575 3470; x_wconf 81' lang='lat' dir='ltr'>Sed</span> 
     </span>
     <span class='ocr_line' id='line_1_29' title="bbox 635 3510 2571 3605; baseline -0.005 -16"><span class='ocrx_word' id='word_1_216' title='bbox 635 3540 920 3589; x_wconf 78' lang='lat' dir='ltr'>securus</span> <span class='ocrx_word' id='word_1_217' title='bbox 977 3514 1068 3583; x_wconf 87' lang='lat' dir='ltr'>de</span> <span class='ocrx_word' id='word_1_218' title='bbox 1109 3515 1236 3583; x_wconf 89' lang='lat' dir='ltr'>illo</span> <span class='ocrx_word' id='word_1_219' title='bbox 1279 3517 1474 3585; x_wconf 76' lang='lat' dir='ltr'>sum:</span> <span class='ocrx_word' id='word_1_220' title='bbox 1532 3513 1622 3583; x_wconf 92' lang='lat' dir='ltr'>de</span> <span class='ocrx_word' id='word_1_221' title='bbox 1673 3530 1919 3584; x_wconf 86' lang='lat' dir='ltr'>nostro</span> <span class='ocrx_word' id='word_1_222' title='bbox 1968 3510 2241 3582; x_wconf 88' lang='lat' dir='ltr'>damno</span> <span class='ocrx_word' id='word_1_223' title='bbox 2280 3510 2571 3605; x_wconf 81' lang='lat' dir='ltr'>agitur,</span> 
     </span>
     <span class='ocr_line' id='line_1_30' title="bbox 641 3610 2577 3721; baseline 0.002 -28"><span class='ocrx_word' id='word_1_224' title='bbox 641 3630 908 3715; x_wconf 80' lang='lat' dir='ltr'>quibus</span> <span class='ocrx_word' id='word_1_225' title='bbox 951 3650 1167 3695; x_wconf 77' lang='lat' dir='ltr'>senex</span> <span class='ocrx_word' id='word_1_226' title='bbox 1217 3627 1530 3721; x_wconf 82' lang='lat' dir='ltr'>egregius</span> <span class='ocrx_word' id='word_1_227' title='bbox 1578 3624 1895 3716; x_wconf 83' lang='lat' dir='ltr'>eripitur·-</span> <span class='ocrx_word' id='word_1_228' title='bbox 1947 3610 2132 3693; x_wconf 83' lang='lat' dir='ltr'>Nam</span> <span class='ocrx_word' id='word_1_229' title='bbox 2179 3623 2327 3716; x_wconf 86' lang='lat' dir='ltr'>ipse</span> <span class='ocrx_word' id='word_1_230' title='bbox 2368 3619 2577 3697; x_wconf 73' lang='lat' dir='ltr'>vitae</span> 
     </span>
     <span class='ocr_line' id='line_1_31' title="bbox 641 3734 2571 3825; baseline 0 -23"><span class='ocrx_word' id='word_1_231' title='bbox 641 3738 900 3825; x_wconf 80' lang='lat' dir='ltr'>plenus</span> <span class='ocrx_word' id='word_1_232' title='bbox 940 3756 1076 3825; x_wconf 84' lang='lat' dir='ltr'>est,</span> <span class='ocrx_word' id='word_1_233' title='bbox 1131 3736 1244 3809; x_wconf 87' lang='lat' dir='ltr'>cui</span> <span class='ocrx_word' id='word_1_234' title='bbox 1286 3735 1491 3805; x_wconf 82' lang='lat' dir='ltr'>adiici</span> <span class='ocrx_word' id='word_1_235' title='bbox 1535 3736 1710 3807; x_wconf 87' lang='lat' dir='ltr'>nihil</span> <span class='ocrx_word' id='word_1_236' title='bbox 1752 3734 2096 3805; x_wconf 86' lang='lat' dir='ltr'>desiderat</span> <span class='ocrx_word' id='word_1_237' title='bbox 2136 3758 2259 3801; x_wconf 83' lang='lat' dir='ltr'>sua</span> <span class='ocrx_word' id='word_1_238' title='bbox 2306 3756 2513 3803; x_wconf 83' lang='lat' dir='ltr'>causa</span> <span class='ocrx_word' id='word_1_239' title='bbox 2538 3782 2571 3820; x_wconf 88' lang='lat'><strong>,</strong></span> 
     </span>
    </p>
   </div>
   <div class='ocr_carea' id='block_1_5' title="bbox 641 3840 2574 3952">
    <p class='ocr_par' dir='ltr' id='par_1_6' title="bbox 641 3840 2574 3952">
     <span class='ocr_line' id='line_1_32' title="bbox 641 3840 2574 3952; baseline -0.005 -30"><span class='ocrx_word' id='word_1_240' title='bbox 641 3844 769 3923; x_wconf 66' lang='lat' dir='ltr'>Sed</span> <span class='ocrx_word' id='word_1_241' title='bbox 821 3870 1074 3952; x_wconf 75' lang='lat' dir='ltr'>eorum</span> <span class='ocrx_word' id='word_1_242' title='bbox 1125 3848 1393 3950; x_wconf 79' lang='lat' dir='ltr'>quibus</span> <span class='ocrx_word' id='word_1_243' title='bbox 1443 3848 1633 3927; x_wconf 79' lang='lat' dir='ltr'>utilis</span> <span class='ocrx_word' id='word_1_244' title='bbox 1682 3864 1807 3919; x_wconf 86' lang='lat' dir='ltr'>est.</span> <span class='ocrx_word' id='word_1_245' title='bbox 1858 3844 2293 3927; x_wconf 71' lang='lat' dir='ltr'>&#39;Liberaliter</span> <span class='ocrx_word' id='word_1_246' title='bbox 2344 3840 2574 3931; x_wconf 78' lang='lat' dir='ltr'>facit,</span> 
     </span>
    </p>
   </div>
  </div>
 </body>
</html>
