2759 4825
695 372 796 509 6‘4'
1036 409 1653 487 1,.ΑΝΝΑΕΙ
1715 405 2280 511 SE‘NECAE
2344 482 2351 485 ,

691 580 1052 651 veterem!
1103 574 1289 649 Scias
1323 594 1725 672 putrescere
1754 594 2021 662 sumta,
2050 598 2204 652 non
2228 574 2624 671 concoqui

697 688 1006 759 Memini
1034 686 1240 758 fuisse
1267 686 1688 781 quondam
1672 705 1749 755 m
1778 708 2103 759 sermone
2138 686 2459 755 nobilem
2490 709 2629 780 pa-

693 797 976 883 tinam,
1009 796 1106 866 in
1159 820 1382 888 quam
1404 845 1429 882 ‚
1482 792 1853 888 quidquid
1903 792 2099 887 apud
2153 783 2383 863 lautos
2428 794 2625 863 solet

697 906 890 977 diem
917 905 1212 990 ducere,
1241 927 1624 997 properans
1658 902 1737 973 in
1774 902 2119 975 damnum
2160 922 2373 975 suum
2398 906 2624 998 popi-

693 1039 788 1087 na
823 1033 1288 1113 congesserat:
1327 1016 1686 1102 veneriae,
1732 1013 2253 1108 spondylique,
2287 1032 2361 1085 et
2390 1032 2622 1089 ostrea

695 1142 984 1197 eatenus
1014 1126 1416 1197 circumcisa
1441 1177 1464 1214 ‚
1510 1150 1653 1218 qua
1680 1124 2032 1212 eduntur,
2078 1124 2621 1196 intervenienti·

695 1236 831 1308 bus
855 1234 1471 1333 distinguebantur
1514 1234 1807 1321 echinis3
1846 1252 2075 1305 totam
2111 1232 2423 1306 destricti
2464 1236 2618 1307 sine

693 1347 857 1418 ullis
892 1346 1158 1416 ossibus
1197 1345 1406 1415 mulli
1449 1359 1989 1415 constraverant.
2048 1344 2310 1439 Piget·
2293 1367 2435 1413 ram
2476 1366 2616 1417 esse

692 1457 998 1554 singula3
1036 1472 1401 1553 coguntur
1424 1456 1500 1525 in
1526 1479 1758 1525 unum
1778 1476 2093 1548 sapores;
2128 1456 2201 1523 in
2228 1477 2459 1525 coena
2486 1456 2570 1526 fit
2590 1504 2612 1542 ,

692 1563 902 1658 quod
931 1564 1084 1634 fieri
1122 1562 1342 1637 debet
1375 1577 1611 1633 saturo
1654 1563 1735 1634 in
1768 1580 2051 1659 ventre.
2106 1580 2445 1655 exspecto
2474 1562 2611 1635 iam

691 1688 782 1743 ut
806 1673 1226 1744 manducata
1249 1664 1632 1766 ponantur.
1652 1650 2037 1775 Quantulo
2060 1684 2303 1743 autem
2330 1674 2471 1743 hoc
2496 1672 2615 1743 mi·

690 1806 828 1854 nus
852 1798 994 1870 est,
1033 1798 1237 1853 testas
1263 1803 1639 1875 excerpere
1680 1800 1903 1874 atque
1934 1805 2082 1853 ossa
2104 1833 2129 1865 ‚
2166 1800 2241 1853 et
2282 1780 2611 1855 dentium

692 1915 910 1985 opera
931 1915 1255 1983 coquum
1281 1890 1538 1988 fungi?
1574 1891 1806 1961 Grave
1829 1906 1933 1961 est
1960 1890 2301 1961 luxuriari
2325 1916 2455 1983 per
2482 1892 2610 1961 sin-

689 2002 892 2097 gula:
942 2001 1182 2071 omnia
1207 2002 1462 2089 semel,
1504 2016 1577 2069 et
1621 2001 1695 2069 in
1728 1998 2069 2071 eumdem
2095 2024 2421 2094 saporem
2454 2026 2607 2073 ver-

666 2129 803 2196 ‘sa‚
849 2128 1232 2201 ponantur.
1271 2108 1513 2211 Quare
1546 2130 1681 2203 ego
1730 2107 1819 2179 ad
1860 2128 2081 2177 unam
2114 2132 2265 2181 rem
2308 2132 2607 2181 manum

687 2214 1102 2315 porrigam?
1141 2217 1346 2308 plura
1387 2213 1673 2287 veniant
1716 2213 1970 2299 simu13
2019 2216 2423 2287 multorum
2475 2214 2608 2287 fer-

689 2328 1020 2399 culorum
1055 2342 1469 2397 ornamenta
1506 2335 1761 2395 coeant
1783 2338 1859 2393 et
1884 2324 2323 2396 cohaereant.
2368 2323 2607 2397 Sciant

687 2439 1016 2535 protinus
1057 2438 1132 2508 hi
1153 2487 1176 2524 ,
1215 2437 1368 2552 qui·
1390 2435 1837 2506 iactationem
1874 2459 1967 2506 ex
1999 2435 2143 2506 istis
2168 2437 2319 2528 peti
2344 2452 2421 2507 et
2460 2439 2607 2535 glo-

687 2551 866 2623 riam
901 2547 1246 2636 aiebant,
1281 2535 1434 2618 uon
1478 2545 1803 2617 ostendi
1786 2559 1955 2634 rsta,
1984 2545 2110 2616 sed
2136 2547 2605 2618 conscientiae
2724 2595 2726 2602 -

689 2660 860 2730 dari.
897 2659 1162 2729 Pariter
1203 2657 1340 2728 sint
1362 2708 1385 2744 ,
1416 2681 1603 2750 quae
1638 2656 1918 2750 disponi
1950 2657 2221 2745 solent,
2274 2681 2429 2730 uno.
2455 2659 2603 2733 iure

685 2769 1002 2866 perfusa:
1039 2769 1218 2840 nihil
1241 2769 1553 2839 intersita
1596 2783 1865 2855 ostrea,
1912 2766 2187 2856 echini,
2218 2768 2602 2864 spondyli,

686 2880 934 2966 mulli,
957 2877 1353 2973 perturbati
1389 2877 1863 2970 concoctique
1888 2895 2267 2970 ponantur.
2300 2880 2369 2948 N
2374 2903 2479 2948 on
2506 2903 2603 2950 es-
2716 2887 2720 2962 ἰ

683 3001 794 3056 set
832 2986 1193 3091 confusior
1234 2987 1693 3058 vomentium
1742 2987 1970 3059 cibus·
2029 2987 2439 3093 Quomodo
2482 2993 2599 3062 ista
2714 3069 2716 3080 Ι

647 3177 655 3180 ,
683 3096 1024 3188 perplexa
1056 3109 1222 3166 sunt
1243 3142 1268 3182 ,
1304 3093 1403 3165 sic
1437 3119 1531 3166 ex
1574 3095 1717 3167 istis
1756 3119 1909 3168 non
1946 3099 2323 3195 singulares
2364 3100 2601 3170 morbi
2696 3131 2714 3150 κ·

682 3220 1114 3292 nascuntur,
1153 3204 1277 3275 sed
1298 3205 1866 3299 inexplicabiles,
1909 3207 2203 3301 diversi,
2236 3209 2599 3281 multifor-

681 3341 875 3387 mes.
919 3315 1244 3387 adversus
1264 3340 1453 3409 quos
1474 3334 1547 3388 et
1570 3317 1932 3390 Medicina
1959 3343 2227 3394 armare
2254 3345 2329 3392 se
2358 3320 2598 3416 coepit

679 3423 1270 3520 multigeneribus
1296 3407 1926 3512 observationibus.

733 3531 986 3605 Idem
1009 3531 1141 3602 tibi
1171 3529 1262 3600 de
1284 3531 1739 3628 Philosophia
1772 3515 2175 3606 dico.Fu1t
2204 3535 2596 3630 aliquando

609 3733 614 3742 ⁵
681 3641 1066 3736 simplicior
1093 3640 1280 3710 inter
1305 3641 1581 3712 minora
1604 3658 2003 3735 peccantes,
2032 3663 2103 3716 et
2125 3645 2271 3718 levi
2295 3668 2595 3740 quoque

681 3773 847 3821 cura
867 3751 1393 3824 remediabiles.
1434 3753 1759 3826 adversus
1784 3769 2053 3826 tantam
2076 3781 2373 3829 morum
2400 3779 2596 3830 ever-

682 3851 956 3938 sionem
981 3865 1222 3938 omnia
1251 3865 1578 3942 conanda
1613 3884 1799 3947 sunt.
1832 3866 1929 3942 Et
1958 3865 2231 3944 utinam
2256 3869 2355 3944 sic
2393 3865 2593 3943 deni·
