2759 4825
565 381 1759 466 EPISTOLAXCVL
2026 419 2123 492 77

205 560 400 618 ctum
443 563 587 630 est,
633 564 706 618 et
745 547 822 616 in
855 546 1158 618 milliens
1193 545 1623 634 conflatum3
1670 565 1745 619 at
1784 551 2123 626 omnibus

207 659 448 730 seculis
479 657 894 729 Tuberonis
927 658 1164 729 fictilia
1193 657 1573 730 durabunt.
1598 659 1795 731 Vale.

648 829 1309 904 EPISTOLA
1380 829 1705 908 XCVI.

198 963 390 1020 Contra
403 964 698 1032 Quemlos:
730 977 784 1020 et
815 966 984 1020 omnia
1011 985 1042 1018 a
1064 965 1186 1020 Fato
1207 985 1262 1020 ac
1277 968 1393 1022 Deo
1414 967 1610 1022 venire.
1636 968 1777 1034 Quid
1793 969 1947 1040 igitur
1964 971 2121 1044 indig-

406 1046 626 1098 namur?
648 1044 909 1099 Pareamus
925 1046 1061 1110 istis,
1079 1059 1170 1098 aut
1189 1048 1364 1115 potius
1385 1047 1739 1105 adsentiamur.
1765 1047 1928 1102 Bona·

591 1175 936 1248 SENECA
979 1176 1230 1248 Lucilio
1265 1201 1380 1248 suo
1414 1173 1735 1248 Salutem.

206 1278 570 1412 TAMEN
598 1355 680 1410 tu
729 1337 1103 1436 indignaris
1140 1339 1458 1432 aliquid,
1491 1355 1616 1411 aut
1646 1341 1998 1432 quereri-33
2047 1358 2120 1415 et

206 1468 356 1516 non
398 1444 767 1545 intelligis,
806 1447 987 1516 nihil
1034 1471 1174 1518 esse
1219 1447 1294 1517 in
1343 1446 1483 1516 istis
1529 1447 1745 1534 mali,
1794 1447 1925 1518 nisi
1974 1449 2113 1528 hoc

204 1579 478 1642 unum,
532 1556 736 1650 quod
773 1555 1189 1654 indignaris,
1241 1572 1314 1626 et
1357 1555 1717 1648 quereris?
1756 1595 1828 1610 -
1894 1555 1967 1628 Si
1998 1581 2119 1630 me

199 1663 616 1762 interrogas,
653 1665 827 1734 nihil
857 1682 1041 1758 puto
1073 1663 1223 1736 viro
1249 1663 1589 1734 miserum
1611 1712 1633 1750 ,
1679 1663 1815 1733 nisi
1843 1664 2120 1756 aliquid

197 1795 338 1842 esse
361 1772 444 1842 in
473 1798 714 1844 rerum
749 1767 999 1844 ustura
1025 1771 1228 1866 quod
1271 1786 1485 1865 putet
1528 1773 1885 1842 miserum.
1944 1773 2120 1844 Non

196 1881 420 1950 feram
465 1906 634 1967 me,
689 1905 840 1974 quo
893 1881 1012 1952 die
1064 1879 1343 1974 aliquid
1394 1878 1575 1948 ferre
1628 1901 1781 1948 non
1838 1895 2117 1972 potero.

199 1986 390 2059 Male
415 1989 673 2058 valeo?
710 2013 862 2082 pars
901 1987 1026 2060 fati
1070 1991 1204 2060 est!
1256 1987 1544 2058 familia
1574 1986 1921 2060 decubuit
1944 1990 1979 2060 P
2014 1989 2121 2062 fe-

197 2121 328 2168 nus
360 2095 726 2166 offendit?
777 2097 1036 2168 domus
1077 2096 1413 2191 crepuit?
1458 2095 1753 2182 damna,
1789 2099 2121 2190 vulnera,

193 2206 519 2293 labores,
553 2222 788 2276 metus
815 2206 1312 2277 incurrerunt?
1348 2201 1549 2277 Solet
1576 2203 1761 2290 fieri!
1808 2205 1970 2278 Hoc
1994 2235 2123 2303 pa·-

195 2342 359 2392 tum
391 2334 530 2405 est3
575 2316 832 2389 debuit
867 2317 1056 2390 fieri!
1107 2317 1618 2388 Decernuntur
1648 2315 1808 2400 ista,
1841 2341 1988 2387 nou
2011 2343 2123 2388 ac...

199 2426 478 2499 cidunt.
549 2424 628 2497 Si
675 2425 860 2518 quid
903 2426 1124 2497 credis
1187 2424 1411 2512 mihi,
1462 2423 1752 2495 intimos
1802 2424 2121 2498 adfectus

199 2562 404 2609 meos
443 2536 581 2607 tibi
631 2560 863 2629 quum
911 2536 1220 2607 maxime
1272 2535 1568 2632 detego:
1616 2535 1700 2613 in=
1739 2536 2115 2625 omuibus,

198 2670 386 2741 quae
411 2644 702 2716 adversa
721 2643 1058 2717 videntur
1090 2662 1162 2717 et
1186 2643 1401 2731 dura,
1432 2644 1529 2715 sic
1548 2643 1891 2716 formatus
1912 2670 2104 2717 sum:
2196 2648 2203 2655 '
2268 2626 2279 2633 ⁰

193 2780 352 2829 non
377 2778 600 2849 pareo
630 2754 827 2841 Deo,
869 2755 994 2826 sed
1021 2753 1411 2839 adsenti013
1459 2776 1552 2825 ex
1584 2753 1827 2825 animo
1864 2754 2069 2824 illum
2091 2805 2115 2841 ‚

197 2888 360 2936 non
386 2865 556 2958 quia
579 2888 856 2934 necesse
883 2878 1011 2951 est,
1039 2886 1317 2958 sequor.
1340 2862 1537 2933 Nihil
1568 2887 1915 2955 umquam
1940 2862 2121 2933 mihi

197 2974 513 3062 incidet,
541 2974 744 3067 quod
765 2973 966 3045 tristis
993 2975 1380 3067 excipiam,
1422 2972 1626 3065 quod
1650 2973 1841 3042 malo
1867 2972 2114 3045 vultur
2230 3032 2235 3037 .

195 3084 492 3153 nullum
535 3082 896 3153 tributum
939 3084 1207 3154 invitus
1249 3082 1631 3154 conferam.
1676 3084 1947 3155 Omnia
1988 3106 2119 3153 au-

198 3208 356 3261 tem
377 3242 400 3279 ,
445 3190 537 3262 ad
561 3211 746 3283 quae
772 3193 1159 3290 gemimus,
1189 3215 1374 3284 quae
1399 3192 1966 3285 expavescimus,
1996 3191 2119 3262 tri·

197 3298 388 3370 buta
421 3301 598 3370 vitae
623 3316 811 3370 sunt.
840 3300 1118 3370 Horum
1144 3352 1167 3388 ,
1201 3302 1302 3369 mi
1327 3298 1598 3386 Lucili,
1640 3322 1775 3370 nec
1797 3323 2117 3391 sperave·-

191 3408 288 3481 τίς
328 3408 840 3479 inmunitatem
867 3459 889 3495 ,
935 3432 1071 3480 nec
1106 3409 1407 3503 petieris.
1460 3408 1751 3481 Vesicae
1794 3424 1867 3478 te
1906 3407 2118 3477 dolor

194 3516 670 3609 inquietavit3
695 3517 948 3611 epulae
969 3516 1264 3589 fuerunt
1290 3540 1546 3611 parum
1576 3515 1857 3600 dulces3
1896 3512 2116 3585 detri-

195 3642 443 3696 menta
477 3625 855 3697 continua!
892 3628 1190 3720 Propius
1222 3628 1558 3699 accedam
1585 3654 1602 3696 ε
1642 3626 1735 3695 de
1762 3625 1991 3719 capite
2018 3626 2113 3695 ti-

191 3733 464 3806 muisti.
495 3735 712 3838 Quid
737 3754 820 3809 tu
839 3788 861 3826 ,
890 3737 1240 3811 nesciebas
1262 3738 1435 3808 haec
1468 3751 1541 3805 te
1567 3754 1813 3828 optare
1830 3786 1853 3823 ,
1880 3758 2113 3829 quum

193 3859 484 3940 optares
525 3862 969 3921 senectutem
995 3848 1032 3924 i·
1079 3849 1352 3922 Omnia
1399 3848 1529 3919 ista
1572 3846 1651 3917 in
1704 3848 1919 3947 longa
1969 3847 2115 3921 <rita
