2759 4825
591 385 692 482 74
975 381 1062 454 L.
1109 379 1551 456 ΑΝΝΑΕῙ
1596 377 2121 464 SENECAE

597 565 832 634 quum
857 557 1102 614 contra
1129 540 1378 614 decem
1412 538 1725 640 legiones
1744 587 1767 626 ‚
1804 556 1877 612 et
1905 538 2175 613 Gallica
2198 534 2463 622 auxilia
2485 579 2517 620 ‚

597 666 670 722 et
699 652 919 722 mixta
944 650 1296 723 barbarica
1322 675 1519 721 arma
1542 649 1867 722 civilibus
1884 699 1907 737 ,
1930 671 2185 725 vocem
2208 646 2518 728 liberam

595 761 874 846 mittat,
895 761 982 852 ‘et
1011 759 1563 852 Rempublicam
1592 761 1917 832 hortetur
1936 811 1961 847 ‚
1996 783 2091 830 ne
2115 781 2249 852 pto
2290 755 2519 826 liber-

592 886 742 944 tate
779 871 1094 958 decidat,
1121 858 1246 942 sed
1279 873 1523 942 omnia
1562 871 2001 963 expia-iatum
2042 867 2403 942 honestius
2429 865 2515 934 in

591 980 1004 1050 servitutem
1029 1003 1266 1053 casura
1286 1031 1309 1068 ‚
1342 1005 1563 1073 quam
1592 980 1829 1052 itura?
1861 980 2239 1085 Quantum
2264 975 2339 1044 in
2378 974 2517 1044 illo

595 1089 850 1185 vigoris
875 1113 954 1160 ac
981 1090 1262 1182 spiritus
1284 1140 1307 1176 ,
1361 1106 1718 1184 quantum
1760 1090 1835 1160 in
1872 1088 2163 1182 publica
2201 1083 2521 1179 trepida-

593 1196 792 1266 tione
838 1196 1138 1268 fiduciae
1183 1197 1322 1268 est!
1369 1195 1521 1268 Scit
1558 1221 1629 1268 se
1665 1221 1900 1268 unum
1942 1219 2127 1282 esse,
2168 1192 2261 1264 de
2306 1191 2522 1266 cuius

593 1321 776 1376 statu
801 1329 954 1376 non
991 1322 1272 1404 agatur3
1317 1329 1475 1378 non
1500 1309 1693 1378 enim
1736 1309 1979 1399 quaeri
2004 1355 2027 1392 ,
2063 1327 2153 1376 an
2176 1299 2357 1373 liber
2378 1299 2521 1371 Ca-

594 1432 674 1484 to
702 1468 723 1502 ,
753 1417 878 1487 sed
901 1441 992 1488 an
1011 1418 1202 1490 inter
1225 1419 1490 1490 liberos
1512 1416 1617 1488 sit.
1646 1416 1825 1502 ‚Inde
1847 1409 2335 1509 periculorum
2362 1413 2519 1511 gla-

593 1524 1030 1618 diorumque
1071 1538 1501 1596 contemtus.
1550 1523 1765 1594 Libet
1808 1521 2277 1595 admirantem
2326 1516 2519 1588 invi-

590 1653 780 1704 ctam
815 1633 1284 1712 constantiam
1311 1633 1488 1722 viri,
1532 1633 1714 1705 inter
1736 1630 2059 1726 publicas
2082 1629 2319 1702 ruinas
2355 1647 2518 1699 non

591 1744 932 1830 labantis,
961 1743 1237 1815 diceret

691 1850 1140 1948 Luxuriatque
1170 1853 1326 1922 toris
1353 1853 1967 1948 animosumpectus.
1998 1887 2071 1906 --

589 1960 924 2034 Proderit
965 1984 1118 2032 non
1173 1976 1496 2048 tantum,
1550 1963 1791 2053 quales
1832 1983 1974 2032 esse
2014 1959 2283 2032 soleant
2325 1955 2513 2028 boni

589 2068 767 2154 viri,
820 2067 1094 2156 dicere,
1143 2067 1601 2160 formamque
1646 2093 1901 2142 eorum
1950 2086 2025 2140 et
2068 2069 2511 2152 lineamenta.

595 2175 990 2268 deducere3
1029 2178 1184 2266 sed,
1216 2182 1459 2271 quales
1487 2177 1791 2265 fuerint,
1829 2202 2143 2266 narrare,
2185 2193 2260 2248 et
2285 2201 2519 2271 expo·

590 2304 760 2358 nere
801 2287 1082 2358 Catonis
1122 2289 1306 2364 illud
1344 2290 1687 2361 ultimum
1732 2311 1810 2360 ac
1850 2287 2309 2362 fortissimum
2345 2287 2517 2361 vul·-

589 2422 764 2487 nus,
794 2424 925 2493 pet
955 2399 1156 2493 quod
1195 2399 1479 2471 libertas
1511 2399 1741 2471 emisit
1764 2399 2122 2484 animam13
2168 2395 2385 2471 Laelii
2412 2422 2519 2470 sa·

589 2496 931 2602 pientiam
953 2561 976 2595 ,
1025 2528 1098 2582 et
1129 2534 1304 2581 cum
1329 2536 1461 2583 suo
1494 2510 1829 2603 Scipione
1857 2510 2361 2586 concordiam
2406 2508 2517 2581 al·-

587 2616 806 2688 terius
827 2616 1118 2689 Catonis
1145 2618 1341 2690 domi
1371 2618 1681 2712 foi-isque
1708 2623 1976 2717 egregia
2002 2620 2185 2693 facta
2201 2648 2221 2705 3
2258 2616 2515 2692 Tuben·

587 2726 782 2797 tonis
823 2725 1092 2824 ligneos
1140 2732 1481 2818 lectulos,
1522 2756 1757 2825 quum
1796 2734 1876 2819 in·
1912 2731 2291 2825 publicum
2332 2747 2517 2799 stet-

589 2852 889 2925 nerent‚
919 2839 1399 2934 haedinasque
1434 2866 1569 2935 pro
1593 2843 1907 2939 stragulis
1940 2844 2159 2934 pelles
2177 2891 2202 2927 ‚
2238 2858 2310 2911 et
2340 2854 2515 2911 ante

590 2948 806 3039 ipsius
837 2950 1020 3019 Iovis
1055 2952 1308 3021 cellam
1339 2950 1661 3043 adposita
1694 2952 2013 3024 convivis
2056 2975 2211 3023 vasa
2244 2947 2512 3021 fictilia.

593 3057 804 3161 Quid
837 3059 1032 3130 aliud
1053 3077 1190 3147 est,
1232 3077 1729 3155 paupertatem,
1765 3063 1843 3133 in
1872 3060 2227 3155 Capitolio
2258 3082 2513 3131 conse-

591 3192 779 3239 crare
797 3169 831 3239 Ξ)
855 3168 954 3239 Ut
977 3173 1262 3241 nullum
1285 3171 1485 3243 aliud
1509 3172 1777 3244 factum
1799 3174 1949 3245 eius
1973 3173 2271 3244 habeam
2292 3222 2317 3259 ‚
2345 3194 2508 3265 quo

590 3274 797 3348 illum
841 3277 1234 3351 Catonibus
1255 3280 1553 3353 inseram
1574 3332 1598 3367 ‚
1645 3282 1783 3353 hoc
1810 3305 2067 3374 patum
2096 3279 2451 3352 credimus
2470 3278 2509 3349 Ρ

591 3386 906 3458 Censura
941 3389 1082 3459 fuit
1115 3389 1267 3478 illa,
1321 3414 1475 3489 non
1513 3413 1758 3460 coena.
1817 3392 1891 3460 O
1928 3414 2145 3483 quam
2172 3389 2511 3489 ignorant

589 3498 918 3573 homines
937 3500 1471 3598 cupidi·gloriae
1496 3551 1518 3587 ‚
1564 3502 1745 3593 quid
1770 3500 1889 3571 illa
1910 3504 1999 3573 sit
2017 3550 2042 3588 ,
2083 3516 2209 3573 aut
2242 3524 2511 3594 quem-

521 3629 526 3637 ·
591 3604 991 3679 admodum
1032 3608 1372 3701 petenda!
1429 3608 1564 3679 Illo
1606 3607 1723 3679 die
1772 3612 2090 3703 populus
2136 3610 2509 3681 Romanus

592 3716 990 3786 multorum
1028 3717 1545 3811 supellectilem
1576 3718 1946 3812 spectavit,
1976 3718 2185 3788 unius
2212 3719 2507 3791 miratus

593 3837 712 3893 est.
765 3822 1122 3898 Omnium
1171 3828 1461 3919 illorum
1512 3852 1773 3901 aurum
1806 3844 2330 3927 argentumque
2367 3827 2509 3901 fta·
