2759 4825
117 366 167 502 ζ
463 458 468 464 -
575 400 1376 516 Ε·Ρ15Το“ι,Α
1456 431 1899 544 cxxut„
2022 467 2163 540 ιη

234 603 490 681 potest
503 611 767 660 eorum
797 587 1016 660 videri
1043 581 1349 682 perfecta
1373 609 1621 663 natura
1640 644 1662 681 ‚
1708 597 1967 687 quibus
1996 621 2159 672 usus

237 697 550 790 perfecti
574 685 912 792 temporis
943 721 1094 772 non
1127 699 1279 770 est?
1329 699 1655 795 Tempus
1700 705 1894 777 enim
1933 708 2161 781 tribus

239 805 572 899 partibus
599 819 904 876 constat:
936 806 1352 898 praeterite,
1390 827 1793 900 praesente,
1828 831 2161 889 venturo,

245 915 703 987 Animalibus
758 933 1039 988 tantum
1059 966 1081 1005 ,
1138 919 1344 1010 quod
1398 919 1888 994 brevissimum
1942 941 2045 995 est
2086 928 2162 998 in

246 1041 647 1098 transcursu
672 1076 695 1112 ‚
721 1016 1008 1113 datum,
1041 1049 1358 1119 pmcseus
1375 1053 1397 1112 3
1442 1031 1795 1121 praeteriti
1824 1053 1970 1103 rara
2006 1059 2160 1105 me-

245 1135 476 1206 moria
498 1151 639 1224 est,
684 1159 818 1207 nec
843 1159 1192 1230 umquam
1219 1155 1588 1208 revocatur
1608 1187 1632 1224 ‚
1676 1139 1810 1208 nisi
1837 1165 2159 1234 praesen·

243 1246 438 1317 tium
466 1268 778 1320 occursu.
826 1246 993 1318 Non
1023 1264 1258 1340 potest
1279 1273 1473 1348 ergo*
1484 1248 1834 1342 perfectae
1870 1271 2161 1326 naturae
2198 1267 2219 1286 ²

249 1354 536 1427 bonurn
567 1357 643 1426 in
681 1356 1068 1451 inperfecta
1107 1381 1248 1429 esse
1287 1377 1567 1432 naturaz
1614 1379 1777 1449 aut,
1816 1365 1871 1432 si
1910 1381 2159 1436 natura

247 1464 384 1534 alia
425 1465 648 1537 habet
691 1465 864 1554 hoc,
898 1468 1164 1540 habeut
1205 1487 1278 1540 et
1314 1488 1473 1541 sata.
1515 1470 1668 1542 Nec
1708 1469 1898 1542 illud
1928 1495 2161 1569 nego,

247 1574 348 1646 ad
385 1599 511 1664 ea,
551 1598 738 1668 quae
781 1577 1116 1649 videntur
1159 1580 1557 1652 secundum
1609 1595 1965 1669 naturam,
2006 1607 2161 1652 ma-

243 1707 430 1786 gnos
471 1709 614 1756 ease
660 1687 878 1758 mutis
915 1688 1341 1759 animalibus
1377 1689 1693 1784 impetus
1735 1705 1808 1760 et
1846 1693 2160 1761 concita-

247 1814 404 1884 τος,
433 1793 556 1865 sed
595 1794 1033 1868 inordinatos
1067 1821 1146 1870 ac
1180 1797 1525 1868 turbidos,
1572 1798 1999 1892 Numquam
2030 1809 2161 1871 'au-

247 1921 403 1976 tem
433 1919 558 1974 aut
589 1903 1078 1978 inordinatum
1103 1907 1511 2002 estbomtm
1530 1957 1553 1992 ‚
1600 1923 1725 1976 aut
1758 1908 2158 1978 turbidum.

246 2051 333 2071 ——
358 2013 564 2118 Quid
592 2015 810 2112 ergo?
836 2016 1106 2108 inquiat
1145 2035 1344 2086 muta
1376 2014 1705 2086 animalia
1745 2017 2159 2108 perturbate

175 2151 184 2168 ·
246 2143 324 2197 et
351 2125 768 2220 indisposite
800 2126 1232 2221 moventur?
1273 2161 1344 2178 --
1379 2125 1707 2196 Dicerem
1739 2125 1853 2196 illa
1880 2142 2162 2218 pertur-

244 2231 422 2306 bate
447 2249 520 2304 et
547 2233 958 2326 indisposite
991 2234 1306 2318 moveri,
1351 2231 1406 2302 si
1438 2246 1684 2303 natura
1726 2235 2010 2304 illorum
2042 2255 2159 2303 οι·-

169 2327 176 2332 *
247 2341 498 2418 dinem
537 2359 848 2436 caperet3
897 2333 1094 2412 nuric
1114 2356 1503 2410 moventur
1528 2339 1929 2410 secundum
1954 2359 2159 2410 natu-

243 2476 404 2525 ram
437 2477 662 2525 suam.
706 2452 1206 2523 Perturbatum
1246 2451 1439 2521 enim
1482 2449 1555 2519 id
1593 2466 1733 2545 qst5
1780 2449 1984 2543 quod
2020 2471 2162 2523 esse

245 2561 642 2655 aliquando
667 2577 739 2633 et
762 2584 912 2631 non
939 2556 1435 2654 perturbatum
1465 2572 1720 2654 potest.
1760 2558 2161 2633 Sollicitum

248 2686 386 2757 est,
422 2668 628 2762 quod
656 2686 891 2763 potest
923 2692 1064 2741 esse
1099 2690 1449 2739 securum.
1496 2666 1691 2740 Nulli
1720 2669 1977 2741 vitium
2014 2686 2161 2759 est,

246 2777 384 2850 nisi
409 2782 528 2848 cui
559 2778 788 2851 virtus
809 2795 1048 2873 potest
1085 2802 1245 2848 esse.
1293 2776 1518 2849 Mutis
1557 2778 1981 2848 animalibus
2012 2780 2162 2875 talia

241 2906 347 2959 ex
371 2901 622 2958 natura
645 2912 768 2960 sua
795 2904 1033 2960 motus
1059 2905 1178 2959 est.
1225 2884 1368 2959 Sed
1390 2936 1415 2974 ,
1452 2902 1651 2957 ne·te
1680 2884 1811 2957 diu
1838 2874 2162 2973 tetiam,
2220 2876 2224 2880 ⁵

254 2999 385 3070 etit
427 2997 820 3092 aliquando
859 2998 1074 3093 [sitm
1113 2996 1460 3090 aliquale]
1510 2996 1793 3067 bonum
1833 2996 1909 3067 in
1952 3012 2163 3073 muto

247 3109 581 3195 animali,
602 3108 731 3177 erit
745 3106 982 3199 aliqua
1007 3106 1262 3194 virtuS,
1289 3095 1418 3177 erit
1432 3105 1703 3199 aliquid
1724 3102 2160 3200 perfectum3

250 3222 376 3293 sed
419 3244 558 3293 nec
583 3220 865 3290 bonum
905 3220 1224 3289 absolute
1251 3264 1272 3303 ,
1315 3236 1451 3287 nec
1480 3216 1736 3305 virtus,
1778 3238 1911 3289 nec
1933 3216 2163 3310 perfe-

250 3347 477 3403 ctum.
505 3329 701 3400 Haec
725 3331 920 3399 enirn
944 3326 1481 3400 rationabilibus
1514 3329 1675 3401 solis
1704 3332 2160 3425 contingunt,

249 3436 433 3531 quib
443 3462 520 3507 us
537 3434 788 3507 datum
807 3454 908 3509 est
927 3439 1095 3508 scire
1119 3486 1139 3523 ,
1161 3458 1403 3529 quare,
1426 3454 1797 3529 quatenus,
1816 3437 2167 3530 quemad·-

251 3546 587 3619 modum.
608 3546 712 3615 Ita
731 3545 1015 3618 Bonum
1043 3546 1114 3613 in
1139 3544 1342 3614 nullo
1373 3560 1475 3613 est
1490 3542 1655 3631 ‚nisi
1669 3543 1746 3612 in
1766 3566 1915 3635 quo
1935 3542 2162 3612 Ratio·

352 3661 530 3765 Quo
571 3680 765 3729 nunc
813 3657 1159 3753 pertineat
1203 3655 1327 3726 ista
1377 3653 1806 3748 disputatio,
1845 3651 2155 3746 quamtis,

255 3782 331 3839 et
358 3768 541 3860 quid
585 3769 825 3838 animo
851 3784 979 3838 tuo
1009 3764 1380 3860 profutura
1422 3766 1557 3837 sit?
1599 3762 1819 3835 Dicet
1868 3780 1939 3835 et
1963 3788 2162 3834 exer-

249 3890 368 3948 cet
397 3874 609 3949 inum
636 3926 660 3968 ‚
689 3891 761 3949 et
785 3873 1016 3965 acuit3
1060 3887 1168 3968 et,
1197 3872 1454 3969 utique
1484 3870 1761 3968 aliquid
1790 3887 2117 3946 acturum
2136 3920 2163 3960 ,
