2759 4825
671 343 808 474 173
1001 353 1082 446 1⁸.
1131 342 1614 446 ANNAE‘I
1674 321 2255 448 SENECAE

659 566 784 614 nas
809 538 1347 626 sollicitudines,
1377 563 1566 630 quae
1583 563 1717 631 pro
1738 539 1965 609 modo
1987 540 2309 609 habendi
2335 555 2575 632 quem·

664 676 814 743 que
837 651 1275 723 discruciant.
1323 652 1595 722 Maiore
1626 669 1995 723 tormento·
2028 654 2343 744 pecunia
2366 655 2569 745 possi·

663 759 923 848 detur,
971 783 1192 855 quam
1221 757 1606 854 quaeritur.
1656 759 2041 862 Quantum
2080 760 2367 830 damnis
2390 759 2575 856 inge-

661 873 1017 959 miscunt,
1071 895 1262 965 quae
1304 889 1378 943 et
1420 894 1673 968 magna
1708 868 2083 953 incidunt,
2132 883 2209 938 et
2248 867 2574 939 videntur

661 967 964 1054 maiora!
1007 979 1348 1074 Denique
1367 1031 1392 1066 ,
1426 994 1511 1050 ut
1536 978 1713 1048 nihil
1746 979 1879 1048 illis
1904 976 2197 1047 fortuna
2222 975 2571 1064 detrahat,

663 1088 1033 1182 quidquid
1055 1115 1208 1161 non
1235 1090 1673 1182 adquiritur,
1708 1088 2065 1158 damnum
2094 1103 2221 1158 est.
2250 1121 2325 1142 -···
2363 1085 2453 1157 At
2478 1083 2571 1158 fe-

659 1199 870 1270 licem
899 1201 1100 1269 illum
1132 1199 1492 1286 homines,
1534 1215 1606 1269 et
1631 1198 1927 1268 divitem
1958 1213 2267 1283 vocant,
2308 1212 2381 1266 et
2412 1221 2572 1266 con-

547 1339 564 1360 ·
659 1310 864 1400 sequi
912 1326 1203 1401 optant,
1249 1325 1607 1402 quantum
1652 1309 1773 1380 ille
1809 1307 2147 1399 possidet.
2195 1347 2271 1362 -
2316 1307 2565 1380 Fateor.

663 1417 868 1518 Quid
893 1441 1060 1514 ergo
1083 1418 1116 1486 Ρ
1157 1433 1236 1488 tu
1267 1419 1451 1487 ullos
1476 1441 1617 1487 esse
1654 1416 2097 1488 conditionis
2136 1415 2395 1508 peioris
2436 1417 2569 1488 exi·

657 1527 930 1609 stimas‚
977 1549 1200 1614 quam
1241 1526 1368 1618 qui
1408 1526 1678 1596 habent
1724 1542 1797 1596 et
1845 1525 2199 1595 miseriam
2230 1575 2254 1612 ,
2290 1543 2375 1624 let
2402 1523 2565 1594 invi-

662 1631 854 1702 diam
878 1633 911 1701 ?
943 1633 1230 1704 Utinam
1251 1683 1275 1720 ,
1310 1633 1441 1726 qui
1465 1633 1739 1704 divitias
1764 1633 2077 1727 optaturi
2112 1650 2345 1706 essent
2363 1683 2385 1720 ,
2412 1655 2563 1703 cum

663 1742 1004 1818 divitibus
1033 1741 1537 1816 deliberarent!
1570 1746 1845 1816 utinam
1862 1797 1883 1830 ,
1916 1746 2229 1818 honores
2253 1743 2565 1838 petituri,

579 1907 583 1915 .
661 1871 829 1919 cum
856 1849 1244 1920 ambitiosis
1269 1873 1340 1920 et
1363 1873 1735 1922 summum
1762 1850 2037 1944 adeptis
2066 1850 2429 1948 dignitatis
2448 1867 2566 1920 sta·

660 1972 819 2028 tum
849 1957 1226 2049 !.profecto
1253 1975 1417 2028 vota
1446 1975 1870 2044 mutassent3
1904 1985 2138 2050 quum
2169 1962 2452 2030 interim
2476 1957 2563 2027 illi

556 2157 566 2169 Ι
660 2088 850 2136 nova
875 2065 1264 2158 suscipiunt
1290 2116 1312 2151 ,
1353 2089 1587 2158 quum
1612 2068 1843 2162 priora
1872 2068 2397 2140 damnaverint.
2432 2067 2564 2140 Ne·

649 2196 786 2242 mo
811 2172 1004 2242 enirn
1035 2190 1134 2243 est
1158 2224 1180 2260 ,
1216 2175 1331 2246 cui
1356 2173 1643 2248 felicitas
1678 2193 1800 2248 sua
1824 2226 1847 2263 ,
1894 2177 2110 2246 etiam
2136 2178 2193 2246 si
2222 2195 2432 2248 cursu
2455 2199 2563 2245 ve-

656 2280 811 2368 nit,
849 2279 1230 2354 satisfaciat.
1285 2285 1710 2388 Queruntur
1740 2301 1815 2356 et
1846 2285 1939 2356 de
1979 2273 2330 2373 consiliis,
2380 2301 2451 2356 et
2484 2284 2563 2353 de

609 2387 616 2396 ’
657 2393 1094 2487 processibus
1144 2396 1324 2483 suis,
1367 2399 1800 2495 maluntque
1842 2418 2127 2493 semper.
2178 2416 2367 2494 quae
2419 2396 2561 2471 reli·

657 2517 994 2593 querunt.
1644 2512 1649 2519 '

613 2614 632 2625 ‘
773 2610 1026 2704 Itaque
1072 2614 1211 2685 hoc
1261 2612 1397 2685 tib'i
1449 2614 1901 2710 Philosophia
1945 2618 2372 2709 praestabit,
2422 2636 2563 2709 quo

654 2719 999 2811 equidem
1023 2722 1203 2793 nihil
1225 2726 1450 2809 maius
1472 2725 1837 2797 existimo:
1870 2746 2278 2817 numquam
2310 2740 2382 2798 te
2407 2747 2564 2819 poe·
2594 2732 2597 2735 ’

651 2828 914 2900 nitebit
964 2832 1090 2922 tui..
1155 2832 1272 2904 Ad
1330 2832 1513 2907 hanc
1572 2853 1721 2906 tam
1769 2836 2063 2905 solidam
2114 2834 2561 2918 felicitatem,

653 2928 873 3027 quarn
904 2956 1276 3032 tempestas
1311 2942 1509 3011 nulla
1551 2942 1949 3027 concutiat,
1990 2960 2139 3015 non
2171 2942 2561 3039 perducent

651 3060 726 3117 te
758 3063 924 3139 apte
959 3050 1176 3121 verba
1217 3066 1551 3122 contexta
1577 3106 1601 3143 ,
1648 3070 1721 3125 et
1764 3056 1990 3126 oratio
2038 3052 2270 3126 fluens
2298 3057 2558 3127 leniter.

650 3156 868 3245 Eant,
899 3177 981 3229 ut
1009 3156 1287 3248 volent3
1320 3162 1496 3235 dum
1524 3164 1766 3235 animo
1797 3166 2222 3258 compositio
2246 3182 2368 3238 sua
2398 3186 2563 3237 con-

650 3282 827 3355 stet,
869 3266 1050 3341 dum
1085 3270 1171 3341 sit
1195 3295 1490 3369 magnus
1511 3327 1534 3362 ,
1560 3290 1631 3345 et
1662 3274 2097 3369 opinionum
2122 3294 2405 3349 securus
2432 3328 2456 3363 ,
2494 3286 2561 3345 et
2678 3280 2697 3307 '⁴

652 3378 751 3451 ob
795 3379 986 3471 ipsa,
1029 3384 1398 3474 quaealiis
1438 3382 1857 3477 displicent,
1900 3382 2394 3485 sibi'plaeens;
2435 3382 2559 3478 qui

648 3484 1056 3583 profectum
1083 3508 1296 3561 suum
1325 3492 1467 3562 vita
1491 3492 1810 3575 aestimet
1828 3546 1849 3586 ,
1880 3511 1953 3565 et
1980 3500 2259 3565 tantum
2292 3492 2459 3562 scire
2492 3506 2563 3560 se

648 3593 960 3683 iudicet,
1009 3616 1366 3691 quantum
1412 3621 1565 3673 non
1604 3603 1841 3697 cupit,
1891 3618 2243 3699 quantum
2282 3620 2435 3673 non
2471 3594 2559 3670 ti-

650 3721 818 3778 met.
857 3706 1056 3780 Vale.
2576 3732 2581 3736 ·
