2759 4825
745 408 834 477 14
1120 380 1201 453 L.
1253 376 1715 506 ANNAE1
1764 326 2301 454 SENECA&

733 542 1044 613 laborata
1065 591 1087 627 ‚
1117 557 1188 610 et
1210 539 1288 608 in
1310 564 1471 609 usus
1493 538 1940 631 populorum
1971 562 2121 611 non
2152 538 2641 633 diripientium

731 654 935 749 larga.
973 649 1363 754 Quidquid
1386 668 1638 718 natura
1664 649 2055 750 protulerat
2077 699 2098 736 ,
2130 648 2209 719 id
2232 674 2387 721 non
2414 648 2645 731 minus

669 748 680 761 ’
731 761 1116 847 invenisse,
1155 781 1374 850 quam
1404 757 1787 827 inventum
1822 777 2211 829 monstrare
2240 760 2491 846 alteri,
2524 784 2645 829 vo·-

729 872 964 964 luptas
989 885 1171 954 erat3
1199 891 1334 939 nec
1357 868 1487 937 ulli
1514 882 1641 937 aut
1664 886 1987 958 superare
2012 876 2339 958 poterat,
2366 883 2500 938 aut
2526 866 2644 939 de·-

732 1004 908 1051 esse:
951 980 1137 1050 inter
1177 975 1569 1051 concordes
1612 973 2081 1047 dividebatur.
2140 974 2505 1047 Nondum
2539 1000 2642 1045 va-

725 1088 992 1161 lentior
1031 1088 1445 1181 inposuerat
1494 1084 1867 1157 infirmiori
1918 1108 2259 1179 manum5
2314 1082 2639 1155 nondum

725 1223 970 1270 avarus
991 1248 1014 1285 ,
1068 1194 1575 1268 abscondendo
1628 1195 1833 1287 quod
1883 1194 2022 1267 sibi
2072 1196 2367 1283 iaceret,
2430 1196 2639 1265 alium

727 1306 1116 1381 necessariis
1163 1325 1469 1397 quoque
1498 1305 1925 1376 excluseratz
1961 1328 2089 1398 par
2128 1321 2275 1373 erat
2318 1302 2637 1391 alteriuS,

724 1438 808 1487 ac
833 1414 981 1502 sui,
1011 1438 1194 1485 cura.
1246 1412 1463 1483 Arma
1490 1413 1846 1497 cessabant
1864 1462 1887 1500 ,
1924 1412 2487 1503 incruentaeque
2514 1412 2637 1481 hu-

723 1548 946 1595 mano
979 1522 1315 1619 sanguine
1347 1546 1603 1593 manus
1632 1522 1887 1593 odium
1922 1545 2139 1595 omne
2170 1520 2249 1591 in
2280 1520 2459 1593 feras
2487 1546 2635 1591 ver-

723 1648 976 1704 terant.
1029 1632 1184 1723 Illi,
1219 1654 1405 1724 quos
1442 1630 1745 1725 aliquod
1780 1654 2039 1703 nemus
2078 1630 2390 1702 densum
2426 1656 2465 1701 a
2500 1631 2635 1707 sole

721 1759 1132 1839 protexerat
1146 1794 1171 1830 ,
1198 1745 1328 1837 qui
1345 1743 1679 1815 adversus
1708 1744 2065 1816 saevitiam
2092 1743 2343 1815 hiemis
2370 1758 2495 1813 aut
2516 1743 2633 1811 irn-

719 1856 866 1927 bris
912 1854 1037 1925 vili
1076 1856 1527 1947 receptaculo
1571 1852 1715 1925 tuti
1750 1853 1893 1924 sub
1942 1852 2201 1925 fronde
2252 1852 2629 1939 vivebant,

717 1963 1025 2060 placidas
1051 1962 1523 2057 transigebant
1550 1960 1701 2030 sine
1724 1959 2021 2051 suspirio
2060 1976 2321 2041 noctes.
2374 1958 2632 2031 Sollici-

716 2072 903 2144 tudo
931 2096 1060 2141 nos
1083 2073 1157 2141 in
1185 2088 1425 2141 nostra
1449 2093 1763 2163 purpura
1788 2084 2013 2141 versat
2042 2085 2114 2141 et
2142 2073 2493 2143 acerrimis
2522 2094 2630 2140 ex·

719 2180 890 2251 citat
919 2178 1256 2250 stimulis:
1297 2199 1368 2249 at
1404 2196 1623 2271 quam
1659 2180 1955 2249 mollem
1980 2201 2321 2251 somnum
2356 2179 2491 2253 illis
2510 2178 2633 2249 du·

715 2312 790 2359 ra
817 2290 1022 2359 tellus
1045 2287 1297 2359 dabat!
1348 2288 1521 2359 Non
1546 2286 2042 2379 inpendebant
2071 2290 2333 2359 caelata
2356 2289 2630 2379 laquea-

711 2398 854 2486 ria,
897 2399 1024 2470 sed
1048 2400 1124 2474 in
1149 2418 1397 2495 aperto
1424 2401 1727 2472 iacentes
1758 2396 2627 2493 sidera-superlabebantur

715 2524 793 2580 et
816 2509 1086 2606 insigne
1099 2511 1583 2603 spectaculum
1604 2508 1963 2592 noctium3
1996 2508 2316 2581 mundus
2336 2507 2415 2581 in
2436 2529 2628 2601 prae-

713 2641 878 2711 ceps
895 2619 1268 2713 agebatur,
1295 2619 1577 2690 silentio
1600 2636 1882 2690 tantum
1910 2643 2093 2712 opus
2120 2619 2411 2690 ducens.
2450 2619 2625 2688 Tam

709 2729 1032 2800 interdiu
1063 2728 1229 2815 iuis,
1266 2753 1488 2822 quam
1532 2743 1794 2813 noctu,
1842 2728 2185 2821 patebant
2216 2746 2625 2822 prospectus

705 2840 924 2912 huius
943 2838 1453 2932 pulcherrimae
1483 2839 1775 2923 donum
1810 2837 2081 2908 libebat
2104 2835 2369 2908 intueri
2396 2839 2621 2934 signa,

710 2969 806 3018 ex
829 2946 1062 3017 media
1089 2945 1269 3014 coeli
1299 2961 1495 3036 parte
1528 2946 1923 3042 vergentia,
1946 2969 2179 3015 rursus
2214 2967 2305 3014 ex
2338 2947 2620 3016 occulto
2714 3017 2716 3038 Ι

705 3053 840 3123 alia
859 3053 1228 3150 surgentia.
1267 3043 1553 3158 Quidni
1586 3055 1859 3126 iuvaret
1889 3053 2117 3151 vagari
2146 3054 2509 3140 intentam
2532 3056 2619 3124 la·

705 3177 782 3234 te
821 3187 1046 3257 sparsa
1076 3163 1415 3232 miracula
1445 3163 1479 3232 ?
1533 3161 1631 3234 At
1662 3186 1787 3235 vos
1824 3163 1915 3232 ad
1944 3187 2235 3234 omnem
2262 3179 2619 3241 tectorum

703 3273 974 3367 pavetis
1009 3296 1306 3360 sonum,
1354 3288 1429 3344 et
1449 3323 1471 3358 ‚
1516 3273 1703 3344 inter
1733 3274 2037 3370 picturas
2064 3286 2319 3342 vestras
2350 3275 2406 3344 si
2440 3269 2615 3364 quid

702 3381 1058 3474 increpuit
1079 3431 1102 3467 ,
1130 3380 1366 3477 fugitis
1389 3380 1718 3452 adtoniti.
1770 3381 1842 3452 N
1848 3406 1947 3452 on
1972 3379 2347 3454 habebant
2366 3382 2619 3453 domos

701 3490 912 3560 instar
953 3487 1265 3562 urbium.
1305 3484 1607 3580 Spiritus
1652 3513 1733 3560 ac
1767 3489 1945 3560 liber
1984 3487 2174 3563 inter
2200 3507 2439 3582 aperta
2462 3510 2617 3580 per-

701 3595 912 3668 flatus
929 3648 952 3685 ‚
989 3612 1069 3669 et
1083 3597 1255 3668 levis
1281 3599 1535 3668 umbra
1556 3599 1757 3692 rupis
1791 3616 1914 3670 aut
1951 3599 2254 3687 arboris,
2282 3617 2353 3670 et
2381 3599 2613 3692 perlu-

698 3706 847 3777 cidi
868 3707 1142 3794 fonteS,
1182 3707 1465 3800 rivique
1486 3760 1508 3795 ‚
1550 3733 1703 3782 non
1735 3735 2153 3805 opere,·nec
2181 3713 2449 3796 fistula,
2482 3728 2608 3780 nec

700 3811 853 3884 ullo
889 3833 1138 3886 coacto
1174 3813 1427 3887 itinere
1477 3815 1889 3892 obsolefacti
1910 3869 1935 3910 ,
1984 3816 2112 3890 sed
2152 3831 2410 3912 sponte
2454 3835 2609 3918 cur-
