2759 4825
570 473 576 480 ,
684 406 805 473 ,ει
1096 362 1482 471 N'orAiz
1532 402 1638 468 m
1692 400 2183 489 SENECAE

692 568 723 629 ς
742 594 763 623 ,
790 566 845 611 2.
874 545 1319 633 opponiturque
1350 548 1400 608 ei
1423 569 1554 628 quae
1581 546 1848 642 vegetatur
1861 592 1886 618 ,
1910 564 2084 639 vagae
2093 534 2116 617 ‚'
2146 534 2408 604 asteria.
2435 504 2596 636 istud

686 632 937 693 verbum
978 648 1161 710 quum
1204 628 1554 691 mendosum
1597 647 1790 689 visum
1833 642 1991 689 esset
2029 626 2120 687 lus
2161 642 2278 706 qm
2299 643 2432 686 etus
2474 644 2596 685 vnn

686 728 807 771 non
882 726 1257 790 erceperant‚
1298 726 1595 773 mutatum
1631 710 1811 770 estin
1846 706 2069 801 corrigi,
2109 706 2271 789 quod
2297 706 2420 766 iam
2459 704 2598 767 inde

688 792 780 851 ab·
860 837 876 854 .
901 790 1085 853 Tarv.
1119 791 1261 853 alias
1288 805 1502 853 omnes
1533 790 1819 852 editiones
1861 790 2110 850 invasu:
2149 787 2450 869 habetque
2487 788 2600 849 hoe

690 871 864 933 etiam
894 872 985 933 ed.
1020 872 1101 932 A.
1129 889 1189 934 et
1213 889 1321 934 ora
1350 871 1534 933 nostri
1559 890 1668 933 ms.
1691 891 1738 931 c.
1763 888 1900 932 cum
1921 886 2174 951 quatuor
2200 866 2602 930 Gruterianis.

770 954 939 1015 PAG.
983 970 1075 1029 14.
1108 953 1149 1015 l.
1185 974 1245 1029 4.
1281 952 1387 1035 ipsi
1413 973 1594 1033 aegras·
1631 970 1687 1013 se
1717 972 1822 1011 esse
1853 967 2136 1010 senserunt.
2164 947 2396 1011 Placuit
2445 946 2598 1023 hoc,

686 1034 857 1115 quod
882 1052 1019 1097 cum
1038 1052 1153 1099 ms.
1170 1036 1309 1115 Arg.
1329 1058 1375 1095 c.
1405 1051 1462 1095 et
1483 1034 1573 1097 ed.
1597 1035 1676 1097 A.
1702 1029 2038 1114 praeferunt
2055 1029 2296 1097 Gruteri
2329 1030 2599 1111 plerique

688 1114 927 1179 codices
943 1133 1005 1179 et
1022 1133 1175 1179 unus
1196 1115 1718 1196 praestantissimus
1737 1112 2081 1179 Nicotianus
2099 1110 2162 1173 O
2205 1112 2442 1191 sopoei.
2459 1110 2598 1191 ipsos
2725 1134 2727 1171 :

686 1215 865 1275 aegros
878 1218 931 1256 se
958 1214 1061 1259 ms.
1084 1197 1135 1255 b.
1164 1212 1225 1257 et
1251 1196 1382 1259 Par.
1397 1219 1451 1257 a.
1478 1198 1531 1257 b.
1575 1218 1626 1257 se
1653 1196 1677 1257 ἰ
1711 1216 1798 1257 sos
1823 1214 2004 1275 aegros
2033 1192 2124 1255 ed.
2202 1211 2330 1255 om.
2350 1206 2416 1253 et
2429 1192 2600 1267 aliae,

689 1295 827 1338 cum
861 1278 1059 1338 Pand.
1098 1298 1154 1337 se
1187 1277 1289 1357 ipsi
1324 1297 1505 1357 aegros
1540 1276 1630 1339 ed.
1702 1277 1876 1357 ipsaet
1911 1292 2073 1356 seqq.
2153 1272 2190 1335 1.
2220 1293 2310 1337 ιο.
2331 1296 2435 1355 pro
2471 1296 2592 1355 qua.

686 1355 1033 1419 Particulam
1051 1375 1127 1429 ee,
1157 1375 1309 1438 quae
1338 1358 1431 1419 his
1460 1357 1659 1419 verbis
1675 1355 2002 1437 praeposita
2022 1368 2144 1417 erat
2163 1398 2184 1428 ,
2213 1353 2417 1415 delevi
2435 1372 2597 1436 prae·

686 1439 967 1502 euntibus
1002 1437 1197 1501 msstis
1237 1438 1373 1520 Arg.
1405 1439 1455 1499 b.
1498 1453 1557 1503 et
1587 1438 1718 1499 Par.
1743 1460 1802 1497 a.
1831 1439 1880 1499 b.
1915 1434 2407 1517 Ignorabantque
2435 1454 2597 1497 eam-

687 1516 817 1581 dem
858 1517 1149 1581 editiones
1188 1534 1333 1584 vett.
1379 1534 1516 1581 ante
1555 1517 1840 1597 Lipsium.
1920 1517 1958 1577 I.
2004 1536 2090 1579 10.
2125 1534 2174 1577 ee
2216 1536 2313 1578 11.
2354 1540 2462 1579 non
2494 1517 2596 1596 qui»

686 1597 787 1661 Sic
810 1615 1008 1663 noster
1044 1617 1150 1660 ms.
1174 1601 1226 1661 b.
1258 1616 1456 1675 recte3
1487 1599 1741 1682 intellige
1775 1620 1883 1659 non
1917 1599 2072 1673 dico,
2103 1598 2202 1681 qui
2233 1613 2356 1659 etc.
2397 1598 2599 1679 Vulgo

688 1681 781 1757 qui
818 1702 946 1742 non.
1054 1680 1096 1742 Ι.
1144 1700 1239 1741 22.
1286 1681 1513 1743 scitum-e
1553 1700 1691 1741 sum.
1739 1678 2074 1743 Commode
2113 1679 2346 1741 sciturus
2385 1680 2485 1738 sim
2510 1678 2602 1742 ed·

686 1758 847 1843 Lips.
875 1779 934 1823 et
953 1778 1117 1846 seqq.
1159 1758 1276 1823 Sed
1298 1760 1680 1825 indicativum
1710 1761 1954 1823 modum
1975 1778 2111 1821 cum
2135 1758 2301 1820 editt.
2331 1772 2486 1821 vett.
2511 1776 2599 1820 re-

688 1860 829 1903 nent
850 1843 1011 1903 mssti
1042 1858 1249 1907 omnes
1263 1886 1284 1917 ,
1314 1861 1426 1905 nec
1449 1843 1730 1905 abhorret
1747 1860 1820 1903 ea
1841 1856 2138 1903 structura
2159 1858 2196 1901 a
2215 1838 2472 1903 Senecae
2497 1840 2598 1902 sti-

687 1922 773 1985 10.
852 1924 895 1985 l.
917 1943 1013 2004 23.
1046 1941 1106 1983 ue
1132 1920 1279 1985 illam
1302 1923 1559 1985 inclusam
1589 1942 1804 1986 teneam.
1830 1920 2314 1985 omittunt-illam
2334 1940 2446 1983 ms.
2471 1921 2598 1983 Par.

686 2006 741 2069 b.
766 2006 825 2067 d.
850 2021 960 2066 nec
982 2002 1039 2063 id
1064 2002 1233 2065 male.
1314 2006 1356 2064 l.
1383 2002 1477 2064 28.
1509 2006 1585 2064 ad
1610 2004 1730 2087 ipsa
1762 2022 1870 2067 ms.
1904 2005 2042 2084 Arg.
2059 2002 2113 2063 b.
2133 2005 2188 2063 d.
2221 2019 2361 2065 cum
2389 2003 2521 2067 Par.
2543 2025 2597 2066 a.

690 2086 743 2147 b.
761 2089 813 2145 d.
840 2101 902 2145 et
927 2084 1021 2146 ed.
1041 2081 1219 2145 Rom.
1246 2084 1452 2165 Vulgo
1477 2086 1556 2145 ad
1583 2106 1643 2145 ea
1681 2087 1821 2168 ipsa.

770 2164 939 2225 PAG.
981 2184 1003 2223 ι
1020 2182 1069 2242 ς.
1104 2165 1145 2225 l.
1172 2187 1226 2239 4.
1253 2165 1307 2224 si
1340 2188 1456 2227 eum
1471 2170 1828 2227 tantummodo
1852 2166 1978 2227 aud.
2005 2163 2099 2227 Sic
2135 2162 2380 2246 quidem
2401 2180 2601 2229 noster

689 2266 739 2307 c.
772 2262 911 2309 cum
943 2245 1071 2307 edd.
1096 2246 1201 2307 sed
1226 2244 1484 2308 deletum
1513 2245 1710 2307 malim
1740 2264 2078 2330 pronomen
2108 2246 2422 2327 personale
2449 2267 2562 2308 eum
2580 2290 2603 2317 ,

688 2328 1035 2389 auctoritate
1072 2326 1263 2389 nostri
1288 2346 1396 2388 ms.
1425 2328 1480 2389 b.
1515 2344 1577 2388 er
1605 2327 1736 2390 Par.
1765 2352 1820 2392 a.
1843 2328 1896 2389 b.
1925 2329 1980 2389 d.
2007 2324 2188 2389 Conf.
2231 2342 2364 2389 not.
2395 2327 2466 2388 ad
2497 2324 2599 2409 Ep.

689 2425 787 2472 111.
831 2429 889 2490 p.
929 2406 1007 2484 8,
1042 2410 1081 2470 6
1103 2427 1191 2503 sq.
1271 2410 1307 2470 l.
1343 2408 1405 2472 6.
1443 2407 1654 2503 Platon·
1682 2429 1803 2504 ms..
1830 2410 1883 2470 b.
1929 2407 2094 2492 quod
2131 2425 2191 2471 et
2221 2426 2297 2470 ex
2331 2427 2450 2470 suo
2477 2427 2603 2503 yet.
2732 2417 2733 2454 ἱ

688 2488 824 2550 cod.
867 2489 1177 2551 adnotavtt
1207 2486 1474 2564 Iuretus;
1511 2505 1572 2551 et
1611 2509 1694 2553 stc
1733 2489 1870 2552 amu
1905 2505 2244 2553 constanter
2278 2505 2603 2552 vetusttss1-
2732 2505 2733 2544 ÷

690 2588 827 2642 mae
870 2584 1107 2631 nostrae
1156 2570 1408 2633 membr.
1441 2595 1497 2633 a.
1560 2571 1712 2634 Mox
1746 2589 1860 2652 pro
1889 2571 2202 2632 Aristoteles
2236 2571 2446 2652 utique
2469 2588 2604 2633 eum

689 2652 826 2713 viro
854 2652 1039 2712 docto
1075 2650 1187 2792 Sin
1222 2651 1420 2714 Novis
1441 2651 1594 2712 liter.
1632 2651 2030 2726 Halensibus)
2054 2652 2397 2712 Antisthenes
2429 2651 2605 2714 male·

690 2732 861 2805 bam;
878 2733 982 2794 sed
1004 2751 1087 2793 vu
1110 2749 1314 2813 garum
1332 2748 1670 2797 constanter
1683 2747 1880 2796 tenent
1898 2733 2026 2794 libri
2041 2751 2262 2796 omnes.
2333 2731 2372 2793 t.
2396 2755 2454 2814 9.
2467 2733 2606 2792 Her·

690 2815 958 2876 marchum
1001 2829 1159 2875 recte
1195 2828 1400 2876 noster
1428 2816 1482 2875 b.
1526 2815 1832 2896 quomodo
1875 2813 2242 2876 scribendum
2282 2813 2461 2876 huius
2493 2811 2607 2877 viri

690 2912 908 2956 nomen
932 2893 1047 2956 iam
1091 2893 1307 2976 pridem
1342 2895 1717 2958 Villoisonus
1749 2912 2090 2970 monueram
2135 2892 2318 2959 cuith.
2341 2893 2377 2956 l.
2415 2895 2604 2974 paruit

691 2973 1013 3048 Matthiae,
1049 2991 1234 3054 quum
1266 2977 1614 3037 Hermae-hum
1643 2992 1811 3038 *esset
1843 2976 2173 3056 ¹vulgatum.
2225 2973 2481 3056 Propius
2516 2992 2605 3038 ta-

558 3077 565 3084 ·
693 3072 827 3115 men
868 3055 941 3114 ad
965 3072 1176 3115 verum
1214 3056 1325 3116 iam
1366 3057 1511 3117 olim
1549 3055 1864 3120 Hermaeum
1887 3057 2122 3118 dederat
2155 3056 2244 3118 ed.
2269 3054 2458 3117 Rom.
2495 3056 2608 3117 Vi·

694 3135 851 3196 tiose
886 3152 1131 3214 prorsus
1174 3135 1530 3216 Helymum
1567 3156 1672 3200 ms-
1710 3160 1757 3199 c.
1801 3139 2132 3200 Helimacum
2161 3137 2260 3199 ed.
2289 3138 2371 3196 A.
2426 3135 2608 3200 Conf.

688 3215 805 3297 Ep.
836 3229 1094 3278 xxxm.
1126 3232 1182 3295 p.
1220 3219 1366 3290 106,
1402 3233 1496 3296 23.
1577 3219 1620 3278 l.
1651 3218 1741 3280 16.
1775 3219 2003 3280 Amicus
2021 3239 2126 3279 esse
2151 3218 2294 3280 mihi.
2329 3216 2632 3280 Verbum-

690 3296 871 3377 coepi,
910 3295 1077 3377 quod
1106 3295 1227 3357 istis
1252 3296 1440 3377 vulgo
1467 3296 1884 3374 adficiebatur,
1916 3318 1988 3361 ex
2017 3299 2370 3382 glossemate
2395 3315 2601 3360 natum

690 3393 819 3440 esse
838 3378 959 3439 iam
998 3377 1141 3440 olim
1177 3375 1546 3463 Opsopoeus
1576 3395 1889 3442 monuerat
1913 3379 2158 3444 suorum
2189 3379 2469 3444 codicum
2491 3399 2605 3443 au-

690 3459 967 3524 ctoritate
989 3504 1009 3534 ,
1048 3458 1259 3540 quibus
1306 3461 1596 3522 accedunt
1637 3461 1825 3524 nostri
1856 3464 1908 3525 b.
1933 3485 1978 3524 e.
2017 3479 2078 3524 et
2108 3461 2245 3524 Par.
2271 3484 2327 3522 a.
2361 3463 2417 3523 b.
2455 3465 2512 3524 d.
2545 3475 2607 3523 et

690 3540 780 3602 ed.
820 3540 1002 3603 Rom.
1043 3539 1296 3602 Miratus
1322 3559 1455 3602 sum
1485 3541 1722 3622 quidem
1753 3560 2056 3620 repertum
2094 3559 2230 3606 esse
2255 3542 2316 3604 id
2356 3543 2608 3605 verbum

692 3622 754 3682 in
778 3620 1026 3684 Gruteri
1062 3621 1187 3682 Pal.
1220 3643 1323 3684 see.
1362 3621 1505 3685 satis
1529 3621 1786 3717 probato
1820 3624 2086 3706 alioquin
2115 3623 2362 3687 codice=
2389 3624 2499 3685 sed
2518 3624 2610 3686 ni·

693 3703 909 3764 mirum
934 3703 1181 3766 caeteris
1208 3700 1579 3764 Gmterianrs
1606 3704 1954 3786 plerumque
1983 3721 2237 3786 praestat
2258 3704 2358 3768 ille
2377 3705 2600 3780 codex,

692 3781 821 3860 alii}
857 3801 1013 3845 vero
1046 3782 1501 3860 vetustioribus,
1545 3801 1616 3846 ut
1636 3802 1849 3848 nostro
1881 3810 1934 3846 a.
1965 3802 2026 3848 et
2054 3789 2104 3846 b.
2136 3802 2195 3848 et
2233 3787 2367 3848 Par.
2387 3788 2441 3848 b.
2459 3787 2607 3848 aliis-

694 3877 813 3944 que
838 3865 1060 3943 quibus
1093 3863 1464 3950 Opsopoeus
1491 3885 1636 3930 usus
1663 3883 1820 3944 erat,
1842 3866 2018 3950 longe
2044 3881 2132 3932 est
2165 3865 2434 3934 inferior.
2459 3867 2604 3933 Mox
2729 3895 2734 3910 2

1985 4003 2013 4037 N
