2759 4825
764 362 1570 431 PRAEFATIQ
2003 378 2128 455 ιη

188 525 392 573 neae
438 506 523 571 de
548 504 881 571 Clementia
910 506 989 569 ad
1026 506 1341 571 Neronem
1372 507 1514 571 libri
1543 505 1689 572 duo.
1727 505 2120 574 salutationis

187 600 497 677 formula,
544 606 735 665 Seneca
774 602 984 665 Lucilia
1013 622 1111 663 suo
1142 605 1411 675 satutem,
1443 620 1620 685 quam
1657 600 1786 664 duo
1819 605 2118 667 vetustio-

186 713 297 759 res
340 695 539 759 nostri
585 694 837 758 codices
867 692 1121 776 singuiis
1164 694 1448 778 Epistolis
1480 692 1810 779 praefixam
1853 695 2083 758 habent·
2097 741 2118 771 ,

189 787 259 849 in
296 786 422 849 hoc
460 804 757 869 nusquam
805 802 1159 867 comparet-e
1197 785 1303 849 sed
1346 785 1512 863 illius
1549 785 1707 850 loco=
1725 789 2118 869 praemissum

186 898 295 945 est
332 882 559 965 cuique
583 881 889 965 Epistolae
926 883 1113 945 breue
1142 880 1445 965 quoddam
1488 880 1866 963 Argumentum
1902 880 2120 947 huius·-

189 977 406 1052 modi‚
449 975 627 1041 verbi
654 993 875 1039 causa:
915 974 1133 1047 Prima,
1186 976 1275 1035 De
1314 974 1602 1057 colligenda
1632 994 1686 1037 et
1718 977 1950 1039 sistenda
1973 977 2116 1061 fitgae

188 1066 489 1146 tempatis,-
524 1084 579 1125 tt
610 1067 753 1148 quod
772 1083 977 1147 pauper
1008 1085 1115 1125 non
1142 1084 1222 1125 ese
1254 1063 1343 1128 eui
1379 1068 1908 1149 quantulumcumque
1941 1088 2118 1151 super·

190 1178 273 1221 est
292 1178 387 1221 sat
408 1179 511 1223 est
548 1161 751 1224 Tum.
779 1162 961 1241 Epist.
989 1184 1045 1222 2.
1080 1162 1171 1223 De
1201 1164 1484 1225 mumtione
1515 1164 1745 1229 locorum
1775 1182 1824 1224 et
1845 1164 2122 1247 multIpli-

191 1255 355 1317 cium
368 1254 693 1319 volumnum
740 1255 956 1317 lectione
992 1256 1255 1327 vitanda,
1299 1272 1350 1317 ιι
1391 1257 1539 1337 qaod
1569 1256 1892 1319 honorabilis
1925 1278 2002 1317 res
2039 1276 2118 1318 ese

191 1352 307 1411 leta
348 1350 517 1433 (sic)
562 1368 867 1434 paupertas.
908 1350 1110 1413 Multa
1152 1350 1307 1414 idem
1357 1352 1582 1443 passim
1621 1350 1804 1413 habet
1845 1353 2106 1416 scholia·
2087 1397 2110 1429 ,

189 1460 335 1507 cum
377 1444 697 1519 breviora,
730 1445 890 1509 inter
938 1442 1131 1508 lineas
1170 1444 1536 1527 interspersa
1553 1466 1580 1521 3
1628 1460 1761 1509 tum
1798 1445 2070 1529 longiora
2094 1491 2128 1521 ,,

191 1536 565 1618 marginibus
586 1552 651 1598 et
677 1533 945 1599 inferiori
972 1535 1225 1599 subinde
1244 1537 1596 1621 paginarum
1613 1554 1762 1599 orae
1775 1536 2080 1621 adscripta
2093 1556 2114 1597 z

192 1648 355 1715 quae
382 1628 617 1693 scholia
632 1627 709 1690 ab
726 1627 846 1693 illis
872 1629 1248 1713 temporibus
1271 1630 1546 1693 derivata
1577 1646 1747 1705 sunt,
1769 1629 1989 1712 quibus
2009 1628 2119 1695 Se-

192 1740 391 1787 necae
412 1722 608 1785 nostri
630 1739 817 1805 opera
831 1768 854 1798 ,
874 1739 939 1786 et
958 1722 1228 1805 inprimis
1254 1720 1558 1805 Epistolae
1572 1768 1592 1799 ‚
1608 1723 1675 1785 in
1688 1721 1910 1785 scholis
1931 1720 2120 1783 Chri-

191 1816 529 1879 stianorum
551 1816 816 1899 praelegi
844 1832 908 1878 et
944 1817 1169 1901 exponi
1198 1816 1521 1879 studiosae.
1546 1816 1858 1879 iuventuti
1892 1835 2119 1897 coepe.-

191 1925 372 1983 rant3
394 1928 521 1990 quo
549 1925 827 1991 spectans
847 1924 1009 1990 puto
1026 1908 1317 1972 Pincianus
1342 1928 1536 1971 unum
1567 1926 1602 1969 e
1637 1909 1761 1973 suis
1801 1908 2115 1971 codicibus

192 2007 489 2088 Exemplar
514 2004 903 2066 Scholasticum
924 2005 1383 2079 nominaverat,
1403 2005 1587 2069 cuius.
1608 2005 1905 2069 lectiones
1941 2006 2018 2067 ab
2040 2005 2116 2069 il-

192 2096 261 2159 lo
297 2099 565 2182 prolatae
599 2118 741 2162 cum
770 2099 1133 2163 lectionibus
1166 2100 1436 2163 eiusdem
1473 2100 1672 2163 nostri
1689 2104 1805 2163 cod.
1834 2123 1880 2163 c.
1925 2091 2131 2165 maxi-

193 2212 293 2256 me
315 2194 707 2259 conveniunt.
751 2194 911 2271 Iam,
936 2211 1007 2257 ut
1028 2193 1229 2259 nullus
1259 2193 1394 2257 fere
1411 2209 1505 2259 est
1531 2196 1732 2259 codex
1757 2213 1944 2257 manu
1963 2214 2122 2266 exa--⁴

194 2302 403 2365 ratus,
433 2288 613 2349 etiam
652 2306 689 2349 e
716 2288 1135 2351 vetustiorum
1160 2304 1424 2351 numero
1441 2331 1462 2363 ,
1500 2288 1650 2369 quin
1687 2286 2128 2367 multiplicibus

192 2383 359 2446 vitiis
396 2382 1083 2470 hallucinationibusque
1132 2375 1510 2448 librariorum
1557 2400 1632 2448 ac
1667 2383 1890 2468 passim
1927 2383 2125 2448 etiam

190 2478 767 2562 interpolationibus
798 2479 876 2542 sit
901 2476 1313 2553 deformatus3
1340 2477 1428 2539 sic
1463 2477 1797 2541 mirandum
1827 2495 1954 2539 non
1975 2492 2078 2539 est
2091 2521 2122 2551 ,

192 2575 670 2640 recentissimum
692 2573 851 2637 hunc
870 2587 1148 2636 nostrum
1174 2586 1237 2634 et
1256 2571 1390 2633 aliis
1409 2571 1680 2655 plurimis
1697 2571 1940 2634 vitiosis
1963 2588 2114 2653 por-
2215 2589 2219 2594 ·

192 2671 572 2754 tentosisqtie
612 2668 975 2756 lectionibus
994 2710 1019 2742 ,
1063 2682 1126 2728 et
1164 2663 1582 2747 frequentibus
1626 2665 1979 2748 praesertim
2015 2664 2128 2724 in*

191 2763 699 2849 terpolationibus
726 2782 805 2826 ex
836 2760 1081 2825 scholiis
1112 2761 1185 2822 in
1198 2774 1554 2824 contextum
1585 2761 1896 2842 receptis,
1915 2775 2116 2821 scate-

194 2881 279 2924 re.
316 2861 753 2923 Verumtamen
796 2874 921 2918 non
966 2853 1161 2918 solum
1195 2851 1552 2934 frequenter
1593 2852 1932 2916 admodum
1967 2871 2126 2918 cume

194 2953 634 3018 vetustioribus
667 2940 1017 3015 codicihu-'s
1002 2966 1063 3010 m
1093 2945 1365 3031 probatis
1395 2945 1794 3026 lectionibus,
1826 2965 1979 3030 quas
2013 2965 2112 3010 re·

192 3051 444 3113 stituere
487 3047 752 3114 Senecae
785 3045 1137 3118 debuimus,
1187 3058 1358 3107 recte
1401 3041 1500 3104 hic
1526 3041 1686 3106 idem
1725 3043 1920 3106 codex
1955 3059 2112 3106 con-

193 3144 415 3218 sentit3
458 3139 565 3204 sed
590 3139 753 3204 haud
777 3139 987 3221 paucis
1026 3137 1211 3200 etiam
1250 3137 1315 3198 in
1335 3137 1540 3214 locis,
1567 3136 1716 3201 ubi·
1699 3155 1762 3198 m
1799 3135 1958 3200 vitio
1993 3155 2122 3202 ‹zu-.-
2156 3143 2178 3168 ⁷*

194 3234 347 3296 bant
362 3233 777 3307 vetustiores,
802 3249 1015 3294 veram
1036 3230 1200 3295 haud
1231 3229 1416 3340 dubie
1444 3246 1508 3297 et
1529 3231 1864 3316 genuinam
1883 3245 2111 3295 aucto·-

193 3330 275 3393 ris
300 3329 652 3412 scripturam
678 3327 972 3390 servavit.

271 3417 429 3484 Cum
465 3419 585 3482 isto
610 3433 827 3481 nostro
858 3421 974 3488 cad.
1009 3440 1059 3480 e.
1095 3417 1470 3502 cognatione
1497 3416 1766 3500 quadam
1790 3409 2106 3480 coniuncti

195 3532 367 3592 sunt,
407 3513 553 3578 licet
580 3514 834 3577 multum
874 3513 1094 3596 passim
1131 3530 1197 3576 et
1228 3515 1305 3576 ab
1343 3511 1458 3576 illo
1479 3530 1542 3576 et
1573 3513 1729 3577 inter
1763 3530 1844 3578 se
1865 3512 2104 3580 dissen-

194 3610 441 3683 tientes,
470 3628 699 3690 quantor
733 3606 823 3670 illi
858 3605 1107 3668 Palatini
1145 3624 1208 3668 et
1240 3625 1399 3671 unus
1432 3605 1751 3668 coloniensis
1765 3651 1789 3678 ,
1819 3623 1974 3688 quos
1999 3606 2106 3669 Ia-

194 3727 298 3765 nus
320 3705 569 3766 Gruterus
587 3751 612 3779 ,
632 3719 771 3781 rara
789 3697 1111 3762 admodum
1136 3699 1287 3780 (illis
1308 3699 1670 3784 praesertim·
1688 3697 2110 3783 temporibus)

193 3793 518 3877 diligentia,
542 3815 683 3862 cum
704 3795 1055 3861 Erasmiano
1073 3795 1350 3878 exemplo
1380 3791 1642 3860 eontulit
1653 3814 1677 3871 3
1697 3811 1958 3876 quorum
1977 3792 2111 3874 qui.

1488 3889 1496 3925 i
