2759 4825
704 460 798 535 34
1090 428 1169 501 L.
1215 415 1662 496 ANNAE1
1708 407 2239 489 SENECAE

699 594 885 663 forte
911 588 1006 659 sic
1031 589 1272 661 vixisse
1295 605 1467 661 eum
1494 576 1701 664 dicis,
1732 571 2114 667 quomodo
2142 566 2485 641 dicuntur
2512 588 2625 634 ar·
2736 574 2738 601 ⁴

698 708 909 784 bores
933 702 1187 771 vivere.
1215 694 1535 786 Qbsecro
1559 708 1631 763 te
1652 742 1673 777 ,
1698 688 1964 776 Lucili,
1988 688 2127 757 hoc
2149 705 2434 781 agamus
2449 730 2473 767 ‚
2502 693 2633 763 ut,

703 809 1324 913 quemadmodum
1372 805 1675 901 pretiosa
1719 826 1950 873 rerum
1970 852 1992 886 ‚
2044 800 2140 869 sic
2188 797 2330 868 vita
2374 808 2627 865 nostra

703 951 853 1002 non
885 937 1118 1020 pateat
1144 920 1493 1005 multum,
1516 913 1638 985 sed
1661 912 1975 984 multum
1996 902 2282 1000 pendat.
2310 904 2510 973 Actu
2540 901 2630 968 il-

703 1047 846 1116 lam
875 1037 1287 1119 metiamur,
1320 1052 1472 1101 non
1498 1044 1839 1120 tempore.
1892 1021 2019 1094 Vis
2044 1018 2255 1105 scire,
2286 1014 2529 1110 quid
2510 1036 2628 1081 m·-

703 1172 812 1227 ter
841 1154 1033 1223 hunc
1079 1144 1351 1231 intersit
1393 1156 1731 1238 vegetum
1767 1150 2437 1222 contemtoremque
2474 1124 2625 1195 for-
2736 1202 2738 1211 ⁴

703 1282 961 1350 tunae,
1005 1260 1368 1333 functum
1380 1252 1715 1325 omnibus
1746 1252 1933 1322 vitae
1960 1248 2314 1318 humanae
2344 1241 2627 1333 stipen-

706 1378 876 1464 diis,
912 1388 1128 1467 atque
1158 1373 1232 1441 in
1265 1385 1631 1439 summum
1662 1364 1943 1435 bonum
1974 1361 2120 1431 eius
2152 1369 2521 1429 evectum;
2554 1367 2625 1421 et

703 1492 948 1577 illum,
982 1488 1101 1559 cui
1132 1484 1364 1557 multi·
1371 1480 1536 1553 anni
1561 1478 1935 1551 transmissi
1961 1474 2174 1547 sunt?
2225 1468 2423 1539 Alter
2457 1480 2626 1559 post

703 1618 1014 1675 mortem
1058 1620 1354 1707 quoque
1398 1611 1532 1681 est,
1579 1596 1754 1663 alter
1796 1607 1962 1661 ante
2026 1600 2353 1659 mortem
2372 1580 2622 1677 periit.

704 1710 1150 1787 Laudemus
1134 1726 1415 1801 itaque,
1444 1706 1607 1777 etin
1642 1728 1949 1775 numero
1971 1700 2287 1772 felicium
2316 1718 2625 1788 repona-
2716 1776 2725 1787 .

703 1851 867 1899 mus
887 1850 1097 1910 eum,
1125 1821 1274 1907 cui,
1305 1820 2059 1919 quantulumcumque
2089 1806 2429 1903 temporis
2449 1830 2624 1877 con-

702 1935 902 2033 tigit,
927 1936 1116 2004 bene
1143 1934 1596 2001 conlocatum
1623 1943 1744 1999 est.
1793 1921 2002 1999 Vidit
2024 1925 2215 1995 enim
2234 1942 2481 1993 veram
2510 1920 2621 1987 lu-

591 2072 613 2089 ·
700 2074 911 2137 cem,
942 2071 1092 2125 ιιοιι
1129 2046 1269 2121 fuit
1309 2069 1493 2115 unus
1520 2068 1561 2114 e
1589 2042 1867 2113 multis.
1914 2059 1986 2111 et
2011 2039 2234 2125 vixit,
2260 2054 2329 2107 et
2352 2032 2618 2133 viguit·

703 2158 1094 2255 aliquando
1111 2173 1362 2229 sereno
1386 2178 1546 2227 usus
1568 2172 1701 2241 est3
1729 2152 2143 2246 aliquando,
2169 2165 2252 2221 ut
2274 2148 2493 2235 solet,
2515 2171 2621 2215 va-

701 2278 837 2351 lidi
857 2275 1094 2347 sideris
1126 2273 1363 2373 fulgor
1386 2296 1511 2367 per
1535 2268 1784 2341 nubila
1812 2265 2121 2339 emicuit·
2134 2262 2365 2368 Quid
2392 2286 2622 2355 quae-

701 2392 836 2480 ris,
871 2375 1242 2484 quamdiu
1286 2382 1590 2459 vixerit?
1629 2383 1852 2455 vixit.
1900 2380 1991 2452 ad
2032 2394 2351 2474 posteros
2386 2400 2622 2468 usque

703 2501 1142 2588 transsilivit,
1175 2515 1248 2570 et
1270 2523 1342 2569 se
1365 2497 1442 2568 in
1460 2467 1879 2566 memoriam
1906 2490 2127 2562 dedit.
2162 2529 2235 2542 -
2266 2489 2422 2561 Nec
2448 2487 2618 2558 ideo

703 2599 884 2702 mihi
905 2615 1140 2706 plures
1165 2635 1389 2682 armos
1416 2609 1745 2680 accedere
1771 2606 2284 2690 recusaverim,
2312 2601 2499 2672 nihil
2520 2618 2620 2671 ta-

701 2749 877 2798 men
901 2725 1078 2794 mihi
1103 2724 1195 2795 ad
1221 2723 1503 2796 beatam
1526 2723 1748 2792 vitam
1772 2721 2068 2790 defuisse
2098 2717 2369 2810 dicam,
2395 2716 2449 2786 si
2472 2740 2623 2808 spa·

704 2836 892 2910 tium
933 2835 1081 2906 eius
1122 2833 1476 2907 inciditur.
1510 2833 1683 2904 Non
1724 2831 1917 2903 enim
1945 2830 2036 2900 ad
2062 2854 2235 2902 eum
2262 2828 2455 2898 diem
2505 2851 2623 2953 me

705 2946 978 3038 aptavi,
1017 2969 1235 3035 quem
1275 2945 1615 3017 ultimum
1644 2943 1819 3013 mihi
1852 2966 2005 3036 spes
2020 2940 2235 3014 avida
2274 2941 2624 3036 promise-

706 3074 846 3136 rat3
873 3055 995 3128 sed
1024 3056 1309 3124 nullum
1341 3078 1493 3127 non
1530 3073 1903 3148 tamquam
1934 3054 2275 3126 ultimum
2302 3051 2621 3157 adspexi.

709 3165 916 3274 Quid
939 3189 1058 3236 me
1081 3149 1495 3262 interrogas,
1540 3167 1834 3260 quando
1860 3179 2075 3240 natus
2090 3169 2271 3242 sim?
2302 3191 2393 3240 an
2435 3168 2623 3241 'mter

705 3278 1020 3352 iuniores
1053 3273 1288 3346 adhuc
1334 3279 1664 3348 censear?
1705 3279 1960 3362 Habeo
2000 3303 2271 3350 meum.
2330 3279 2621 3382 Quem-

709 3387 1161 3466 admodum
1143 3412 1220 3457 m
1257 3389 1537 3462 minore
1580 3394 1889 3486 corporis
1924 3393 2178 3464 habitu
2212 3409 2449 3487 potest
2491 3395 2620 3462 ho-

711 3525 838 3572 mo
862 3523 1002 3578 esse
1026 3497 1413 3592 perfectus3
1458 3501 1552 3573 sic
1578 3523 1651 3572 et
1680 3504 1755 3572 in
1784 3504 2063 3574 minore
2090 3503 2429 3598 temporis
2456 3529 2623 3578 mo-

713 3612 812 3682 do
849 3623 1086 3703 potest
1124 3608 1266 3680 vita
1309 3635 1451 3711 esse
1491 3611 1821 3705 perfecta.
1859 3614 2067 3686 Aetas
2094 3618 2284 3686 inter
2322 3605 2619 3688 externa

713 3737 838 3789 est.
873 3719 1246 3822 Quamdiu
1287 3721 1461 3810 sim,
1512 3725 1822 3796 alienum
1859 3742 2001 3798 est:
2042 3728 2391 3819 quamdiu
2442 3753 2616 3803 vero

705 3851 874 3902 sum
893 3879 920 3920 ,
945 3833 1052 3904 vir
1080 3831 1316 3908 bonus
1337 3854 1425 3908 ut
1444 3837 1612 3930 sim,
1640 3863 1893 3920 meum
1915 3855 2037 3912 est.
2054 3837 2224 3934 ,Hoc
2254 3863 2297 3912 a
2318 3865 2444 3914 me
2462 3840 2616 3914 exi-
